2917 4959
500 434 590 502 52
1112 424 1851 520 AmsTQTELIs

503 616 656 689 aliis
717 606 986 691 multis:
1057 608 1487 709 quibusdam
1540 613 1729 685 intus
1790 604 2156 681 eonditum
2204 630 2339 701 est,
2408 631 2481 682 vt

506 750 866 849 delphino,
977 745 1256 833 Quibus
1289 766 1501 837 extat,
1566 745 1705 819 alia
1741 746 1974 845 ipsum
2006 745 2084 821 in
2116 764 2309 841 parte
2342 742 2483 814 ha-

507 888 674 959 bent
699 881 1082 975 anteriore,
1132 884 1326 955 velut
1355 910 1432 955 ea
1451 937 1473 976 ‚
1513 908 1696 981 quae
1724 908 1935 978 supra
1966 852 2308 951 diximue:
2348 877 2487 949 alia

510 1021 582 1105 in
633 1016 1030 1115 posteriore.
1133 1015 1374 1114 Atque
1405 1016 1669 1090 horum
1706 1016 1960 1115 partim
1996 1034 2161 1087 sunt
2188 1038 2371 1111 quae
2418 1032 2485 1085 et

515 1150 806 1249 genitale
853 1171 920 1223 et
967 1170 1166 1223 testes
1216 1150 1593 1248 explicatos
1636 1150 1899 1223 habent
1914 1204 1935 1241 ‚
1984 1148 2179 1224 velut
2229 1146 2485 1221 homo:

518 1282 607 1355 ad
637 1305 950 1358 ventrem
983 1313 1146 1357 cum
1171 1284 1312 1357 hoc
1337 1306 1491 1356 tum
1526 1286 1705 1359 illos,
1792 1283 2047 1381 Neque
2072 1309 2239 1358 vero
2270 1310 2491 1380 aeque

523 1418 852 1493 omnibus
881 1420 1336 1518 explicantur,
1369 1418 1492 1490 sed
1520 1418 1643 1489 alii
1668 1419 1853 1516 pluS‚
1888 1417 2007 1489 alii
2040 1419 2309 1489 minus:
2346 1446 2495 1493 nou

423 1559 466 1623 4
523 1552 712 1653 enim
756 1578 940 1651 equo
975 1574 1044 1625 et
1075 1580 1246 1651 apro
1297 1551 1641 1625 similiter.
1740 1548 2177 1648 Elephantus
2231 1552 2493 1649 equino

522 1686 752 1759 simile
809 1707 1162 1761 veretrum
1220 1685 1467 1778 habet,
1552 1684 1673 1759 sed
1724 1712 2028 1783 paruum
2086 1710 2313 1783 neque
2360 1697 2493 1783 pro

527 1798 843 1922 eorporis
888 1820 1175 1895 ratione.
1281 1819 1608 1897 Ceterum
1638 1840 1837 1893 testes
1876 1820 2289 1919 neutiquam
2322 1818 2496 1893 foris

461 2004 468 2015 -
519 1954 605 2026 'in
643 1975 902 2053 aperto,
938 1952 1059 2029 sed
1086 1954 1274 2028 intus
1301 1953 1485 2027 circa
1516 1982 1744 2029 renes:
1794 1982 1940 2055 quo
1978 1958 2096 2047 fit,
2133 1976 2210 2029 vt
2232 1953 2505 2049 coitum,

531 2090 847 2165 celeriter
867 2089 1202 2164 absoluat.
1251 2088 1352 2163 At
1379 2089 1677 2165 feminae
1700 2089 1914 2165 vulua
1942 2110 2041 2163 est
2066 2116 2145 2163 ea
2171 2088 2244 2160 in
2265 2092 2493 2187 'pat-te,

531 2222 653 2296 vbi
685 2217 808 2297 oui
836 2223 1067 2298 vbera.
1169 2224 1417 2324 Itaque
1444 2225 1671 2300 coitus
1696 2226 2009 2321 tempore
2042 2249 2194 2295 eam
2218 2248 2501 2295 sursum

453 2456 464 2467 “
536 2334 890 2429 attractam
921 2358 1103 2429 foras
1129 2360 1349 2433 vertit.
1447 2360 1801 2446 Quocirca
1826 2356 2049 2429 facilis
2078 2359 2163 2430 fit
2192 2356 2508 2431 masculo

533 2488 778 2561 coitus,
860 2488 1327 2565 Illius-autem
1359 2518 1437 2565 os
1476 2492 1611 2567 late
1644 2491 2028 2567 admodum
2062 2512 2265 2591 patet.
2334 2490 2513 2569 Ma-v.

535 2620 724 2723 rima
753 2622 968 2720 igitur
991 2624 1399 2697 animalium
1429 2654 1589 2726 pars
1606 2627 1929 2726 genitalia
1956 2628 2055 2700 sic
2086 2646 2249 2723 pote
2266 2620 2499 2695 habet.

538 2754 906 2829 Nonnulla
931 2786 1095 2833 vero
1123 2762 1398 2835 vrinam
1427 2784 1811 2837 retrorsum
1836 2760 2172 2852 reddunt,
2200 2778 2273 2834 vt
2303 2756 2512 2859 lynx,

537 2890 843 2961 camelus
859 2946 881 2981 ‚
929 2892 1149 2989 lepus,
1214 2895 1326 2969 Ae
1356 2924 1579 2969 mares
1614 2896 1902 2995 quidem
1920 2951 1940 2989 ,
1992 2892 2199 2966 sicuti
2232 2890 2507 2965 dictum'

539 3042 668 3115 est,
713 3026 1025 3099 membra
1059 3024 1231 3101 haec
1259 3026 1554 3104 aduerso
1577 3028 1757 3105 inter
1790 3058 1863 3105 se
1890 3029 2030 3102 situ
2056 3028 2355 3101 habent:
2388 3026 2505 3101 fe-

537 3156 782 3231 mellae
810 3180 1042 3233 autem
1074 3186 1314 3235 omnes
1347 3185 1532 3239 retro
1560 3165 1837 3243 Vrinam
1869 3162 2190 3239 reddunt.
2256 3140 2511 3259 [Nam

539 3301 615 3357 et
671 3292 756 3359 in
809 3316 1096 3384 genere
1163 3296 1741 3389 elephantorum
1768 3300 2107 3391 femella
2152 3296 2504 3393 genitale

535 3447 751 3493 suum
797 3425 932 3496 sub
959 3428 1390 3515 feminibus
1437 3432 1669 3505 habet
1684 3486 1707 3523 ,
1764 3428 2390 3530 quemadmodum
2424 3438 2499 3495 et

437 3562 476 3623 5
536 3558 890 3657 ceterae]
975 3560 1049 3633 N
1051 3590 1128 3635 ec
1194 3560 1433 3639 eadem
1498 3568 1826 3640 omnibus
1886 3588 2126 3641 natura
2172 3562 2499 3639 veretris:

531 3691 735 3767 valde
777 3693 967 3767 enim
1003 3694 1352 3771 differunt.
1429 3698 1620 3776 Aliis
1674 3698 2194 3797 cartilagineum'
2242 3718 2309 3772 et
2339 3725 2499 3770 car-

527 3850 774 3929 nnsum
793 3882 812 3918 ,
863 3848 939 3901 vt
987 3826 1301 3902 homini:
1355 3854 1562 3931 atque
1608 3860 1686 3906 ea
1730 3860 1927 3931 pam,
1978 3860 2159 3935 quae
2207 3860 2497 3907 carnosa

523 3979 651 4077 ‘⁴:³⁸’
703 3988 846 4035 non
895 3965 1260 4063 turgescit3
1314 3992 1493 4064 quae
1534 3992 1699 4041 vero
1744 3968 2221 4069 cartilaginea,
2276 3994 2495 4067 auge-
