2917 4959
588 518 733 591 454
1112 515 1119 522 ’
1192 509 1951 585 ARISTOTELIS
2039 567 2044 572 .

597 699 1001 796 ingressum,
1052 699 1350 770 maxima
1378 721 1538 793 pars
1553 694 1784 788 for-iss
1813 716 2040 768 cetera
2055 692 2276 768 intusss
2377 694 2574 770 Om-

603 835 718 908 nia
750 855 975 906 autem
1000 831 1091 904 ad
1118 851 1387 929 partem
1416 829 1678 903 ventris
1725 827 2063 904 Vltimam.
2155 828 2586 904 ,castrantur

602 988 829 1041 autem
874 991 1033 1036 aues
1082 962 1308 1060 (galli)
1372 961 1464 1034 ad
1511 963 1750 1035 clunes
1772 1017 1791 1056 ,
1842 961 2014 1058 (vro
2019 963 2392 1062 pygium,)
2440 991 2588 1062 qua

602 1119 797 1198 parte
854 1096 1400 1194 conquiniscunt
1462 1117 1805 1168 coeuntes.
1943 1096 2176 1182 Quem
2233 1096 2474 1168 locum
2521 1104 2580 1176 si

602 1233 764 1331 quis
804 1231 1242 1304 ferramentis
1304 1231 1494 1302 binis
1537 1231 1848 1304 ternisue
1884 1230 2124 1305 vaserit
2137 1282 2158 1320 ,
2241 1247 2320 1300 et·
2356 1231 2586 1325 gallus

605 1364 885 1472 adultus
912 1363 1122 1436 fuerit
1138 1419 1162 1456 ,Α
1211 1385 1367 1436 tum
1394 1362 1600 1436 crista
1637 1363 1946 1460 pallescit
1959 1417 1978 1454 ,
2031 1387 2256 1458 neque
2287 1367 2586 1460 amplius

606 1501 917 1592 cueuri't,
968 1525 1207 1595 neque·
1243 1523 1574 1570 venerem.
1611 1517 1841 1572 tentat·
1939 1494 2020 1568 Si
2065 1515 2294 1568 autem
2343 1499 2586 1595 pullus

608 1635 733 1737 sit,
783 1632 904 1706 vbi
938 1633 1269 1724 creuerit,
1320 1631 1509 1704 nihil
1546 1631 1806 1706 horum
1851 1629 2146 1704 omnino
2191 1629 2256 1702 ei
2303 1634 2586 1708 contin—

560 1807 565 1815 ·
606 1765 727 1864 git.
830 1762 1029 1838 Idem
1058 1766 1307 1839 modus
1352 1767 1562 1840 etiam
1591 1767 1683 1838 in
1733 1764 2168 1840 hominihus.
2301 1765 2378 1838 Si
2423 1767 2584 1864 quis

609 1900 799 1975 enim
830 1902 1087 1998 puerili
1112 1923 1328 1974 aetate
1358 1901 1472 1973 sie.
1509 1899 1914 1989 mutiletur,
1964 1881 2211 1996 ‘neque
2239 1899 2586 1972 oriuntur

608 2034 739 2132 pili
754 2089 776 2127 ,
828 2033 956 2133 qui
981 2035 1192 2108 nohis
1216 2034 1395 2107 natis
1430 2053 1664 2132 postea
1698 2031 2070 2130 prouenire
2117 2055 2585 2108 consueuere:

608 2195 837 2267 neque
861 2190 1167 2242 mutatur
1195 2195 1331 2244 vox
1347 2207 1385 2262 ‚·
1422 2165 1542 2240 sed
1569 2171 1769 2240 acuta
1796 2164 2020 2238 durat.
2109 2163 2194 2234 Si
2228 2189 2392 2238 vero
2431 2193 2584 2262 pu-

605 2301 733 2402 ber
769 2275 907 2394 sit,
948 2302 1001 2373 ii
1027 2329 1205 2400 quos
1240 2301 1550 2374 diximus
1581 2301 1714 2398 pili
1745 2299 2016 2373 defiunt
2033 2353 2054 2391 ,
2105 2321 2592 2395 praeterquam

604 2433 730 2532 qui
760 2433 836 2504 in
872 2436 1057 2530 pube
1088 2455 1249 2505 sunt
1271 2461 1311 2506 z·
1344 2461 1754 2532 quanquam
1793 2433 1845 2504 ii
1883 2443 2204 2530 quoque,
2266 2432 2392 2505 etsi
2425 2461 2588 2506 ma-

606 2588 815 2660 nent,
878 2589 1111 2641 tamen
1154 2571 1336 2641 fiunt
1378 2567 1694 2639 rariores.
1831 2565 1974 2638 Pili
2019 2587 2255 2640 autem
2309 2568 2589 2642 connati

606 2727 756 2776 non
800 2703 1073 2776 abeunt.
1205 2703 1477 2778 Nullus
1543 2701 1732 2773 enim
1811 2697 2178 2772 eunuchus
2237 2701 2582 2778 caluescit.

608 2833 929 2909 Mutatur
956 2836 1163 2912 etiam
1187 2862 1327 2922 vox
1356 2837 1431 2910 in
1456 2831 2032 2934 quadrupedibus
2063 2832 2396 2908 omnihus
2425 2863 2586 2910 exe-

608 2969 770 3058 ctis,
856 2967 1012 3064 [aut
1053 2970 1193 3044 alio
1254 2972 1423 3046 vitio
1489 2967 1948 3065 effeminatis]
2080 2964 2590 3066 Quadrupedes

609 3100 827 3198 igitur
860 3104 1054 3197 aliae,
1086 3107 1223 3179 nisi
1278 3103 1688 3208 iuuenculae
1743 3121 2162 3193 castrentur,
2229 3100 2584 3175 vitiantur.

612 3233 699 3308 In
728 3235 885 3310 solo
924 3257 1534 3338 aprormngenere
1573 3235 1762 3309 nihil
1797 3211 2028 3310 refert.
2133 3236 2332 3323 Quae
2362 3235 2590 3333 prima

564 3424 569 3428 -
614 3388 827 3442 aetate
875 3391 1263 3444 castrantur
1279 3427 1302 3468 ,
1371 3395 1441 3447 et
1480 3372 1754 3468 maiora
1797 3392 1874 3444 et.
1903 3367 2234 3444 nitidiora
2281 3371 2596 3460 euadunt

614 3529 761 3578 non
823 3505 1145 3577 castratis.
1274 3507 1367 3579 Si·
1404 3529 1634 3580 autem
1678 3527 1894 3580 aetate
1950 3524 2114 3574 stata
2175 3520 2592 3594 castrentur,

510 3627 551 3690 ³
620 3663 763 3710 non
782 3638 1083 3737 amplius
1106 3663 1442 3715 crescunt.
1493 3701 1502 3710 .
1551 3639 1784 3730 Cerui,
1833 3634 2290 3734 quinondum
2304 3659 2434 3732 per
2465 3661 2594 3708 ae-

524 3861 539 3874 ·
620 3791 829 3844 tatem
858 3797 1117 3848 cornua
1147 3771 1581 3864 habuerunt,
1660 3771 1738 3843 si.
1761 3789 2176 3863 castrentur,
2245 3797 2392 3845 non
2429 3799 2592 3846 am·-

614 3903 807 4002 plius
820 3904 1047 3979 edunt
1072 3935 1368 3981 cornua:
1409 3907 1520 3978 sin
1549 3925 1736 3995 tunc,
1769 3905 2098 4002 cum-ipsa
2125 3905 2408 3998 hahent,
2431 3931 2594 3980 exe-

620 4058 865 4112 cantur
879 4085 913 4132 ,·
954 4067 1299 4117 cormmm
1310 4035 1750 4140 magnitudo·
1786 4038 2030 4116 eadem
2075 4039 2316 4136 durat3
2366 4065 2592 4139 neque
