2917 4959
698 489 839 580 598
1301 481 2058 557 ARISTOTELIS

858 667 1094 746 CAP.
1146 665 1281 742 XI.
1383 669 1626 768 (vulgo
1673 669 1767 742 X.
1867 669 2224 770 scaligero
2274 673 2518 771 XIV.)

791 803 1045 883 Multis
1074 828 1359 904 quoque
1386 801 1618 878 modis
1645 803 1928 880 euenire
1957 804 2260 903 videtur,
2308 829 2384 885 vt
2413 837 2676 908 gruum

693 939 1067 1044 prudentia
1098 933 1523 1052 agnoecatur.
1615 937 2137 1038 'transmigrant
2167 942 2357 1016 enim
2395 944 2474 1019 in
2501 947 2676 1020 lon-

692 1078 955 1177 ginqua
990 1077 1147 1152 loca
1161 1130 1183 1170 ,
1236 1097 1307 1148 et
1336 1077 1415 1148 in
1451 1073 1674 1146 altum
1713 1075 2121 1170 suhuolant,
2173 1099 2253 1152 vt
2292 1104 2472 1179 quae
2501 1105 2678 1179 pm.-

691 1217 813 1290 cul
844 1235 1007 1288 sunt
1025 1266 1048 1307 ,
1099 1210 1501 1312 despiciant.
1571 1209 1719 1284 Vbi
1745 1205 2052 1286 viderint
2077 1209 2296 1284 nubes
2323 1233 2442 1286 aut
2484 1233 2682 1286 tem-

688 1369 979 1450 poetates
995 1403 1017 1444 ,
1070 1343 1403 1419 deuolant
1432 1361 1501 1417 et
1529 1342 1918 1442 quiescunt.
1983 1343 2162 1420 Item
2191 1343 2387 1446 quod
2411 1345 2676 1420 hahent

692 1483 940 1576 duces,
992 1500 1061 1554 et
1090 1479 1219 1578 qui
1248 1477 1323 1550 in
1356 1495 1709 1575 postremo
1741 1477 2013 1576 agmine
2042 1481 2322 1578 signum
2357 1479 2546 1573 dant,
2577 1501 2674 1556 ·vt

691 1615 1169 1692 exaudiantur.
1272 1611 1421 1688 Vbi
1466 1609 1809 1686 demisere
1850 1639 2000 1688 sese
2015 1670 2037 1708 ,
2089 1616 2345 1714 partim
2386 1618 2519 1688 sub
2567 1616 2673 1687 ala

552 1755 575 1774 “
686 1749 915 1850 capite
940 1746 1229 1824 condito
1276 1745 1636 1823 dormiunt
1649 1803 1671 1839 ,
1723 1775 1862 1822 vno
1905 1748 1982 1821 in
2025 1748 2202 1848 pede
2243 1771 2495 1824 stantes
2541 1776 2670 1849 per

686 1884 892 1958 vieoe.
958 1882 1063 1956 At
1081 1879 1241 1956 dux
1269 1903 1506 1981 aperto
1536 1884 1760 1981 eapite
1790 1884 2132 1983 prospicit
2148 1911 2170 1956 τ
2219 1911 2298 1957 ae
2316 1937 2337 1978 ,
2387 1884 2446 1956 si
2493 1882 2669 1982 quid

684 2016 1025 2118 percipiat
1039 2073 1061 2111 ,
1111 2017 1414 2092 clamore
1437 2017 1794 2117 significat.
1847 2018 2207 2092 Peleca-nes
2223 2075 2245 2111 ,
2299 2015 2425 2116 qui
2469 2018 2666 2115 (pla-

685 2175 869 2247 teae,
937 2153 1167 2254 quae)
1214 2153 1292 2228 in
1338 2153 1580 2226 fluuiis
1625 2152 1922 2251 degunt,
1997 2149 2332 2226 deuorant
2379 2177 2672 2249 magnas

682 2284 987 2360 conchas
1021 2313 1273 2386 easque
1299 2289 1548 2361 laeues.
1652 2287 1847 2374 Quas
1861 2311 2024 2357 cum
2055 2285 2460 2383 receperint,
2501 2311 2666 2359 eum

682 2417 757 2491 in
784 2419 1020 2491 locum
1035 2473 1057 2512 ,
1140 2421 1259 2492 cui
1317 2423 1750 2506 ventriculus
1780 2422 2015 2494 subest
2029 2473 2051 2512 ‚
2129 2441 2504 2514 euomunt,
2588 2439 2666 2495 vt

679 2551 1037 2627 hiantibus
1062 2549 1206 2624 illis
1242 2575 1561 2652 exempta
1587 2575 1953 2628 vescantur
1979 2533 2206 2629 carne.
2397 2560 2403 2566 '

694 2725 715 2856 ,¹
856 2788 1095 2862 cAP.
1144 2789 1319 2866 XII.
1386 2791 1635 2890 (vulgo
1681 2788 1816 2866 XI.
1881 2787 2239 2890 scaligero
2285 2790 2482 2879 XV.)

820 2954 1147 3054 Agl-estes
1174 2983 1335 3032 anes
1367 2957 1729 3034 domicilia
1755 2959 2100 3052 fabricant
2145 2979 2300 3033 tum
2345 2959 2446 3032 ob
2483 2959 2664 3032 vitae

673 3087 1043 3164 commoda
1057 3146 1081 3186 ,
1150 3113 1315 3166 ¹tum
1391 3093 1483 3166 ad
1540 3095 1835 3167 salutem
1895 3090 2284 3170 liberorum
2345 3121 2658 3169 suorum.

670 3223 853 3296 Sunt
891 3227 1273 3302 nonnullae
1324 3245 1394 3301 et
1436 3226 1824 3303 foe-eundae
1866 3251 1935 3304 et
1976 3229 2239 3305 sobolis
2282 3229 2661 3304 studiosae:

670 3357 842 3430 aliae
878 3379 1138 3434 eontra.
1265 3361 1359 3435 Et
1400 3363 1750 3462 quaedam
1802 3363 1894 3438 ad
1943 3365 2205 3440 victum
2265 3362 2664 3460 parandum

671 3493 967 3594 a'ptibres
989 3471 1025 3566 τ’
1083 3493 1429 3594 quaedam
1479 3497 1738 3576 minus,
1856 3496 2188 3572 Habitant
2236 3495 2412 3568 aliae
2464 3494 2660 3568 circa

664 3629 1017 3724 conualles
1048 3651 1119 3705 et
1144 3637 1470 3705 cauernas
1501 3661 1588 3709 ac
1619 3657 1799 3727 saxa,
1851 3651 1924 3709 vt
1949 3631 2030 3724 ἰε,
2082 3629 2210 3730 qui
2243 3627 2660 3705 charadrius

670 3761 966 3838 dicitur:
1015 3765 1134 3840 eui
1162 3785 1231 3839 et
1262 3766 1459 3842 color
1489 3789 1564 3840 et
1609 3795 1746 3844 vox
1791 3763 2025 3838 minus
2053 3767 2239 3840 bona
2267 3783 2388 3838 est.
2491 3758 2566 3836 N
2566 3787 2659 3836 0-

408 3901 435 3990 j
566 3913 607 3956 2
663 3917 783 3972 ctu
821 3919 1138 4000 apparet,
1192 3897 1510 4014 interdiu¹
1535 3901 1730 3998 fugit.
1833 3899 1920 3974 In
1950 3899 2340 4002 praeruptis
2373 3921 2660 3996 quoque

668 4031 980 4109 nidificat
1010 4034 1351 4140 accipiter.
1460 4033 1890 4142 Quanquam
1916 4035 2340 4121 crudiuoffls
2366 4052 2487 4129 est,
2535 4050 2652 4106 ta-
