2917 4959
666 460 762 528 48
1261 431 2028 524 Anis‘ro'rEL-Is'

667 641 817 716 nasi
876 659 1128 714 tractus
1190 635 1676 736 subaquilinus
1693 689 1716 730 ,
1779 663 2038 714 cornua
2095 641 2602 738 resupinatiora
2615 669 2638 716 ι

666 797 737 852 at
780 772 1167 872 equiceruis
1205 793 1371 849 sunt
1398 773 1938 872 qualiacapreis.
1977 771 2476 874 (dorcadibus.)
2507 777 2666 852 In-·

666 932 767 984 ter
792 905 1299 1008 quadrupedes.
1316 907 1724 1006 elephantus
1753 909 2046 982 minime
2074 908 2302 982 hirtus
2327 931 2453 984 est.-
2500 911 2640 986 Se·-

566 1097 573 1106 ·
663 1063 979 1144 quuntur
1020 1065 1253 1120 autem
1284 1071 1449 1120 cum
1493 1045 1702 1144 pilosi
1727 1067 1882 1120 tum
1917 1043 2141 1140 glabri
2171 1044 2486 1143 eorporis
2518 1073 2640 1128 ra*
2669 1051 2680 1060 '

661 1180 927 1252 tionem
990 1177 1249 1252 caudae
1264 1231 1285 1270 ,
1370 1175 1587 1252 modo
1637 1177 2186 1277 magnitudinem
2231 1179 2638 1278 quampiam

664 1315 955 1388 sortitae
1004 1313 1177 1387 sint:
1244 1341 1409 1386 nam
1452 1311 1876 1412 quibusdam
1917 1315 2212 1412 pusillae
2255 1311 2636 1388 admodum

670 1469 853 1522 sunt.
912 1446 1137 1547 [Cap.
1178 1447 1307 1520 VI.
1352 1446 1776 1545 Scaligero.]
1825 1447 2124 1522 camelis
2171 1448 2520 1544 peculiare
2561 1449 2638 1520 in

666 1582 877 1658 dorso
906 1583 1148 1680 gibber
1180 1603 1281 1654 est
1298 1635 1319 1674 ,
1372 1607 1520 1680 quo
1549 1601 1770 1654 cetera
1799 1603 2032 1654 carent
2059 1581 2408 1688 animalia.
2475 1582 2640 1656 Hoc

664 1739 733 1790 et
770 1719 1055 1790 intense
1088 1713 1478 1790 differunt..
1547 1715 1872 1814 Namque
1902 1714 2188 1790 Arabici
2219 1745 2441 1790 vnum
2473 1738 2636 1792 tan-³

660 1851 1092 1952 tumhabent
1106 1905 1126 1944 ,
1160 1850 1512 1924 Baeti-iani
1531 1850 1908 1948 geminum.
1981 1851 2262 1924 Habent
2288 1875 2638 1949 praeterea

662 1986 939 2059 inferne
976 1986 1269 2084 gibbum
1300 1989 1598 2062 alterum
1635 1984 1863 2058 simile
1891 1983 2235 2084 superiori
2251 2039 2274 2076 ,
2327 2005 2472 2084 quo
2515 1991 2638 2060 re-'·

660 2121 943 2220 liquum
976 2120 1266 2195 fulcitur
1302 2148 1590 2219 eorpus,
1641 2119 1760 2195 vbi
1787 2145 2009 2218 genua
2035 2118 2423 2193 summittit.
2489 2119 2639 2193 Pa-

660 2258 875 2356 pillae
909 2257 975 2331 ei
1012 2278 1419 2360 quaternae,
1456 2276 1634 2356 quot
1665 2275 1736 2328 et
1773 2255 2033 2332 vaccis:
2083 2252 2304 2328 cauda
2329 2251 2640 2328 asininae

660 2390 943 2460 similis:
994 2393 1286 2488 genitale
1322 2417 1527 2490 pone.
1625 2390 1714 2462 In
1751 2415 2174 2487 vnoquoque
2211 2414 2412 2462 crure
2451 2413 2640 2486 genu

658 2545 911 2613 vuum,
960 2547 1188 2620 neque
1230 2523 1468 2618 plures
1505 2515 1920 2620 plicaturae,
1971 2544 2051 2595 vt
2085 2523 2280 2596 aiunt
2311 2521 2640 2620 quidami

662 2681 907 2734 verum
930 2675 1036 2728 tot
1064 2653 1391 2730 videntur
1420 2673 1788 2752 propterea
1805 2707 1827 2748 ‚
1879 2652 2073 2752 quod
2097 2653 2640 2731 aluo'subdueta

662 2813 845 2865 sunt.
925 2790 1191 2863 Similis
1218 2788 1492 2863 bubulo
1519 2789 1732 2883 talus,
1785 2787 1906 2864 sed
1939 2786 2272 2862 deformis
2299 2787 2516 2885 magis
2549 2818 2645 2866 ae·

661 2953 797 3025 pro
826 2926 1141 3025 eorporis
1165 2925 1431 2999 ratione
1456 2950 1736 3023 paruus,
1837 2925 2198 2999 Bisulcum
2223 2942 2357 3015 ests,
2409 2943 2477 2996 et
2501 2949 2630 2996 su-

658 3060 1055 3160 perioribus
1102 3085 1339 3133 carens
1384 3058 1743 3133 dentibus:
1825 3053 2174 3130 bisulcum
2215 3083 2382 3134 vero
2430 3055 2636 3132 hune

661 3193 752 3267 ad
796 3195 1121 3268 modum:
1174 3179 1588 3294 posteriores
1635 3189 1840 3292 pedes
1877 3189 1968 3264 ad
2005 3190 2380 3266 secundam
2412 3219 2644 3292 Vsque·

664 3326 1050 3426 digitorum
1115 3331 1484 3404 flexionem
1501 3384 1522 3421 ,
1606 3327 1982 3402 anteriores
2030 3328 2120 3402 ad
2161 3330 2466 3426 primam
2502 3355 2624 3404 vs·-

662 3490 803 3563 que
852 3462 1237 3561 digitorum
1270 3465 1640 3538 flexionem
1679 3463 1928 3537 leuiter
1956 3462 2171 3538 diuisi
2215 3463 2292 3533 in
2321 3469 2640 3538 extrema·

656 3596 959 3697 partein
982 3595 1153 3671 duas
1184 3621 1407 3697 partes
1436 3597 1548 3672 vel
1569 3595 1857 3695 digitos3
1895 3599 2122 3696 explet
2149 3617 2378 3670 autem
2410 3601 2640 3672 fissuae

663 3759 897 3809 rarum
960 3733 1321 3807 interualla
1382 3735 1518 3806 tale
1581 3731 1758 3832 quid
1773 3787 1794 3826 ‚
1862 3733 2066 3830 quale
2115 3753 2182 3805 et
2229 3733 2584 3806 anseiihus
2599 3731 2642 3805 τ’

660 3867 859 3965 pedis
884 3867 1115 3966 planta
1148 3895 1431 3944 carnosa
1447 3923 1469 3962 ,
1522 3869 1712 3943 velut
1733 3867 1924 3942 vrsis.
2011 3866 2254 3966 Itaque
2273 3867 2352 3940 in
2386 3869 2618 3942 bello-

667 4029 825 4078 rum
856 4001 1411 4103 expeditionibus
1428 4002 1794 4082 carbatinis
1813 4001 2138 4098 calciant,
2185 4031 2349 4080 cum
2375 3999 2618 4078 dolore
