2917 4959
702 500 841 565 DE
896 492 1371 566 ANIMAL.
1434 495 1712 575 HIST.
1765 501 1855 570 V.
1910 503 2024 572 14.
2203 528 2344 601 ¹99

367 700 439 753 et
476 678 813 773 conchae,
878 702 1061 776 quae
1106 680 1347 753 auulsa
1393 680 1632 757 viuere
1666 684 2042 781 nequeunt
2143 660 2343 772 Quae

310 834 317 839 ·
360 814 559 887 stella
604 810 1036 912 appellatur,
1106 809 1278 887 adeo
1324 812 1554 887 calida
1596 837 1696 889 est
1742 836 1988 889 natura
2033 842 2158 888 sua
2170 871 2196 913 ‚
2262 838 2339 894 vt

358 944 701 1047 quicquid
733 943 1127 1017 assumserit
1144 1000 1165 1038 ‚
1201 945 1261 1018 si
1290 946 1520 1019 statim
1549 948 1910 1045 eximatur,
1941 950 2332 1025 discoctum

364 1080 757 1177 reperiatur.
812 1062 1040 1153 Aiunt
1066 1100 1303 1153 autem
1328 1081 1417 1153 ab
1447 1078 1582 1154 hac
1615 1102 1800 1179 peste
1811 1080 2330 1184 Pyrrhaeornm

360 1213 709 1310 Euripum
776 1238 1191 1311 magnopere
1250 1213 1776 1288 incommodari.
1875 1214 2112 1291 Facies
2179 1218 2326 1291 eius
2398 1212 2407 1223 ‘

364 1346 599 1420 stellas
664 1347 881 1446 pictas
946 1366 1413 1443 repraesentat.
1515 1346 1920 1421 Nascuntur
1981 1370 2224 1448 sponte
2269 1350 2326 1424 ii

366 1504 653 1579 quoque
664 1532 688 1571 ‚
782 1479 905 1577 qui
984 1479 1353 1577 pulmones
1428 1478 1670 1553 nomin
1679 1501 1900 1551 antur.
2035 1482 2327 1557 Concha

364 1614 749 1711 (ostreum),
782 1638 917 1711 qua
942 1612 1239 1713 pictores
1256 1632 1568 1707 vtuntur,
1593 1613 1798 1711 longe
1815 1634 2111 1712 praestat
2132 1642 2326 1689 cras-⁶

357 1745 661 1821 situdine
678 1802 700 1841 ‚
750 1750 1139 1844 floremque
1180 1772 1390 1819 suum
1435 1766 1624 1819 extra
1665 1764 1906 1819 testam
1949 1748 2162 1821 hahet
2191 1744 2324 1822 ad·-

358 1880 622 1977 ditum3
682 1881 990 1979 plurima
1030 1878 1499 1953 adiacentibus
1549 1879 1793 1953 Cariae
1837 1880 2027 1955 locis.
2131 1880 2324 1953 Can-⁶
2343 1907 2415 1950 u
2543 1908 2552 1928 ·

358 2014 524 2089 celli
567 2036 797 2088 autem
831 2011 1217 2112 primordia
1242 2044 1247 2049 ·
1268 2013 1732 2111 generationis
1773 2038 1812 2086 e
1837 2032 2016 2087 terra
2059 2032 2127 2085 et
2153 2014 2324 2087 limo

326 2170 558 2243 ‚sunt3
606 2145 775 2223 inde
816 2144 1163 2220 concham
1207 2144 1488 2221 inanem
1521 2148 1727 2219 subit.
1829 2147 1978 2220 Vbi
2008 2147 2325 2239 creuerit3

358 2280 781 2378 ampliorem
804 2278 883 2349 in
904 2296 1149 2351 tectam
1178 2281 1632 2379 transmigrat,
1659 2300 1830 2379 puta
1859 2279 2140 2371 neritae,
2165 2297 2324 2351 tur-

354 2412 553 2489 binis
580 2394 1019 2511 aliorumque
1053 2410 1413 2487 eiusmodi.
1480 2416 1704 2511 Saepe
1731 2392 1934 2485 etiam
1969 2414 2042 2485 in
2075 2411 2323 2485 bucci-

360 2576 454 2623 na
482 2572 700 2645 parua
727 2570 869 2621 sese
894 2545 1153 2639 induit,
1205 2546 1401 2645 quod
1425 2547 1636 2621 etiam
1669 2546 2102 2639 circumfert,
2153 2545 2328 2620 etin

361 2707 508 2783 quo
554 2663 789 2756 rursus
832 2679 1074 2753 alitur:
1124 2698 1369 2753 auctus
1414 2698 1644 2754 tamen
1691 2679 1949 2755 iterum
1989 2680 2068 2753 in
2115 2678 2326 2752 aliam

360 2812 753 2915 ingreditur
782 2814 1215 2913 capaciorem
1244 2832 1508 2891 testam.

462 3048 529 3123 c
556 3048 629 3121 A
653 3046 731 3119 r.
795 3046 1003 3121 ΧΠ.
1062 3044 1311 3147 (vulgo
1372 3045 1578 3123 xvi
1627 3046 1980 3144 scaligero
2027 2989 2232 3130 xv.)

518 3211 721 3287 Idem
756 3210 1005 3285 modus
1036 3214 1492 3311 generationis
1515 3239 1770 3287 eorum
1801 3238 1984 3311 quae
2013 3230 2181 3285 testa
2210 3236 2334 3315 ca-

367 3366 563 3443 rent,
614 3346 742 3445 qui
776 3362 845 3420 et
873 3348 1214 3419 testaceis:
1265 3344 1664 3422 cuiusmodi
1695 3367 1860 3419 sunt
1889 3368 1956 3421 et
1981 3345 2238 3423 vrticae
2267 3362 2340 3417 et

363 3481 696 3583 spongiae
709 3535 733 3575 ,
811 3506 995 3579 quae
1026 3479 1316 3565 haerent
1344 3508 1672 3555 saxorum
1697 3481 2028 3555 cauernis.
2129 3474 2342 3553 vrti-

366 3634 623 3689 carum·
652 3612 806 3689 duo
852 3638 1140 3712 genera:
1190 3614 1531 3713 quaedam
1577 3614 1764 3687 cauis
1807 3614 2096 3689 haerent
2127 3606 2372 3709 petris·

372 3774 609 3847 neque
642 3746 1136 3822 ahsoihuntur:
1178 3748 1359 3823 aliae
1392 3769 1620 3825 autem
1647 3750 1964 3825 laeuibus
1989 3764 2058 3817 et
2089 3739 2342 3841 planis,

376 3900 565 3985 quae
590 3882 961 3955 absoluunt
986 3907 1082 3978 se,
1124 3906 1195 3959 et
1226 3882 1455 3960 sedem
1483 3903 1774 3958 mutant.
1823 3878 2084 3977 [Quod
2109 3874 2350 3970 etiam

363 4014 1081 4123 patellaesaciunt3
1116 4030 1203 4111 vt
1236 4020 1648 4117 abscedant
1678 4031 1754 4093 et
1781 4017 1938 4111 alio
1967 4002 2350 4109 migrent}
