2917 4959
630 481 774 552 566
1222 476 1704 545 ARISTOT
1731 478 1977 545 ELIS

632 666 959 741 minibus.
1044 656 1367 735 Indicant
1405 660 1952 757 aegritudinem,
2002 691 2166 739 cum
2207 692 2416 739 crura
2439 694 2591 765 po-

634 801 913 891 steriora
938 794 1029 867 ad
1056 795 1397 869 anteriora
1420 794 1807 869 attrahunt·
1789 854 1810 892 ‚
1791 824 2008 897 ·quae
2028 799 2126 873 ita
2151 800 2594 896 submonent,

628 956 701 1011 vt
738 935 918 1005 inter
950 958 1023 1005 se
1058 956 1279 1031 paene
1316 925 1692 1003 collidant·
1777 929 1996 1019 Quod
2033 932 2098 1005 si
2127 955 2288 1033 post
2319 935 2608 1035 aliquot

628 1067 900 1141 dierum
940 1064 1252 1159 inediam
1300 1067 1542 1141 furum
1601 1066 1942 1164 agitentur
1957 1120 1978 1162 ,
2061 1067 2371 1143 detracto
2421 1096 2596 1143 san-

524 1242 565 1285 2
622 1204 834 1301 guine
852 1258 873 1295 ,
902 1220 1000 1276 ·et
1026 1221 1397 1275 castrantes
1428 1201 1853 1275 auxiliantur
1881 1201 1998 1275 eis.
2079 1201 2351 1276 Tetano
2383 1204 2597 1278 etiam.

571 1358 577 1363 ’
627 1338 973 1412 laborant.
1045 1336 1323 1413 Indicio
1351 1358 1514 1413 sunt
1541 1362 1756 1415 ¹mnae
1783 1334 2086 1411 intentae
2117 1362 2396 1413 omues:
2445 1360 2614 1413 tum-

626 1495 837 1572 caput
868 1495 939 1546 et
964 1474 1266 1547 collum:
1300 1498 1395 1548 ac1
1409 1474 1738 1548 cruribus
1763 1470 2008 1571 rigidis
2037 1468 2394 1547 incedunt.
2446 1472 2612 1547 Eo-'

630 1634 789 1681 rum
838 1634 1125 1709 quoque
1178 1609 1431 1708 pulmo
1483 1609 1754 1681 laborat
1799 1632 1996 1705 pure.
2099 1606 2600 1705 corripiuntur

628 1742 835 1818 etiam
882 1746 1135 1818 morbo
1177 1745 1317 1818 alio
1332 1800 1355 1839 ,
1407 1770 1621 1843 quem
1653 1742 1910 1815 Graeci
1949 1761 2201 1815 vocant
2237 1739 2594 1839 dqcffcqiv,

624 1876 843 1951 latine
870 1877 1093 1977 possis
1130 1876 1648 1978 hordeaginem.
1749 1876 2050 1977 Signum
2081 1896 2384 1951 mutatae
2411 1876 2600 1950 vale·

628 2010 891 2085 tudinis
940 2014 1155 2112 palati
1186 2014 1516 2088 mollitia:
1558 2034 1628 2101 et
1671 2012 2018 2087 feruidam
2057 2011 2291 2110 spirat.
2398 1982 2620 2097 Quae·

627 2167 872 2243 sponte
902 2174 1026 2221 sua
1056 2148 1194 2222 nisi
1226 2148 1586 2243 desistunt,
1619 2171 1860 2221 curam
1889 2145 2264 2220 admittunt
2291 2144 2589 2218 nullam.

625 2278 719 2353 Et
746 2280 943 2380 quod
984 2303 1235 2357 vocant
1282 2281 1680 2385 lymphari,
1731 2279 2104 2355 cohibetur
2143 2307 2318 2365 sono
2363 2279 2598 2352 tibiae.

620 2414 941 2487 Demissa
972 2414 1087 2488 his
1116 2418 1311 2489 frons
1336 2437 1457 2489 est.
1538 2415 1640 2489 At
1663 2417 1786 2493 vbi
1819 2414 2302 2491 conscenderis
2317 2470 2340 2509 ,
2391 2441 2602 2497 cursu

622 2548 1003 2623 incitantur
1020 2578 1047 2643 ,·
1090 2548 1331 2647 quoad
1378 2554 1502 2624 fiat
1520 2606 1541 2645 ,
1595 2572 1672 2625 vt
1717 2550 1808 2624 ad
1855 2550 2262 2654 quempiam
2307 2551 2593 2623 feratur.

624 2684 729 2785 (vt
772 2684 1029 2785 aliquis
1078 2684 1365 2760 retineat
1400 2668 1708 2757 Codice-'s
1745 2686 1940 2782 alii.)
1979 2686 2172 2758 Cum
2200 2678 2392 2758 rabie
2421 2683 2600 2758 infe-

624 2840 877 2910 statur,
946 2818 1159 2891 tristis
1184 2822 1379 2895 item
1422 2842 1541 2895 est.
1643 2819 1912 2895 Rabiei-
1935 2820 2251 2919 signum:
2299 2816 2594 2927 retrahit

626 2952 973 3027 auriculas
1006 2951 1099 3025 ad
1133 2952 1415 3051 iubam,
1467 2978 1674 3057 atque
1702 2982 2030 3056 prorsum
2064 2955 2322 3032 iterum
2349 2950 2592 3028 tendit.

515 3096 559 3153 3
626 3090 719 3161 Et
758 3086 1086 3164 deficitur
1130 3092 1405 3187 animo,
1454 3112 1525 3167 et
1555 3088 1852 3166 anhelat.
1932 3090 2130 3165 Haec
2161 3114 2451 3191 quoque
2476 3114 2595 3160 re-

476 3210 485 3221 ’
606 3222 859 3298 ‘medio
909 3226 1111 3303 nullo
1152 3226 1505 3301 tolluntur
1521 3280 1542 3321 ,
1593 3226 1654 3299 si
1691 3225 1924 3302 cordis
1969 3227 2288 3304 dolorem
2329 3222 2599 3320 patian-

622 3380 779 3453 tur3
831 3361 1032 3433 cuius
1076 3362 1422 3437 indicium
1468 3386 1602 3459 est,
1677 3392 1845 3439 cum
1893 3364 2115 3455 dolet,
2183 3357 2380 3432 ducit
2429 3357 2552 3429 ilia
2571 3384 2594 3430 :

623 3495 773 3568 siue
818 3520 948 3567 suo
980 3498 1139 3572 loco
1172 3520 1361 3573 mota
1394 3499 1767 3596 sit-vesica3
1833 3488 2032 3573 cuius
2073 3492 2242 3565 mali
2269 3510 2434 3563 nota
2463 3513 2594 3585 est,

622 3656 789 3703 cum
842 3654 1194 3732 nequeunt
1236 3636 1512 3708 vtinam
1555 3638 1812 3709 facere:
1863 3654 2010 3705 tum
2047 3626 2334 3725 vngulas
2379 3645 2598 3725 atque

622 3768 864 3842 clunes
906 3769 1155 3843 trahit:
1206 3769 1355 3842 siue
1390 3768 1878 3871 staphylinum
1925 3760 2424 3863 (pastinacam)
2456 3760 2596 3836 de-

620 3904 904 3979 vorarit.
1004 3904 1075 3978 Is
1121 3924 1221 3977 est
1269 3902 1708 4007 sphondylae
1749 3897 2236 3999 magnitudine
2281 3919 2350 3976 et
2393 3898 2584 3973 facie.

620 4035 855 4112 Muris
904 4039 1137 4117 aranei
1196 4068 1470 4121 morsus
1523 4037 1730 4119 etiam
1775 4035 1932 4115 aliis
1977 4035 2306 4113 iumentis
2341 4034 2610 4137 perui-7.
