2917 4959
582 456 722 528 292
1173 424 1934 501 ARISTOTELIS

582 622 819 699 Huius
844 620 1089 695 'autem
1132 616 1233 692 rei
1278 618 1550 701 causam
1578 617 1891 691 referunt
1930 616 2006 692 in
2031 617 2280 697 ‚fabula
2293 672 2316 711 ‚
2367 637 2544 716 pro-

492 848 501 855 .
578 778 817 857 pterea
847 750 1042 853 quod
1064 752 1139 823 in
1170 748 1461 825 totidem
1489 749 1734 825 diebus
1763 752 2106 827 Latonam
2137 752 2341 851 lupae
2367 752 2546 829 facie

579 911 827 967 tectam
862 884 1151 961 Iunonis
1178 905 1374 960 metu
1404 914 1486 971 ex
1517 885 1989 987 Hyperboreis
2015 887 2091 959 in
2119 887 2380 961 Delum
2409 884 2546 963 de*-

582 1020 929 1095 duxerint.
1031 1018 1133 1091 At
1159 1041 1329 1093 vero
1366 1048 1453 1094 an
1483 1017 1562 1091 id
1587 1018 1678 1091 sit
1706 1040 1974 1119 tempus
2009 1019 2272 1095 ferendi
2301 1050 2538 1115 necne,
2595 1064 2600 1069 ·

580 1156 756 1253 (alii
774 1152 1001 1225 codd,
1021 1175 1143 1225 aut
1176 1153 1500 1251 semper‚)
1531 1152 1848 1227 nondum
1875 1155 2085 1230 etiam
2114 1176 2542 1253 perspectum

582 1310 721 1387 est3
766 1286 898 1372 sed,
925 1284 1408 1371 tantummodo
1442 1286 1544 1365 sic
1563 1290 1805 1361 fertur.
1909 1288 2403 1363 Commeatum
2437 1290 2550 1365 vi-

507 1434 515 1441 '
583 1423 784 1499 detur
820 1444 1084 1517 tamen3
1133 1418 1735 1520 quemadmodum
1763 1442 1829 1494 et
1859 1442 2028 1495 cum
2056 1425 2288 1517 aiunt,
2339 1424 2551 1499 semel

588 1580 857 1632 tantum
882 1556 958 1629 in
987 1554 1122 1629 vita
1152 1556 1355 1653 lupos
1382 1580 1646 1654 parere.
1730 1553 1930 1629 Feles
1957 1576 2024 1627 et
2047 1555 2552 1631 ichneumones

494 1738 501 1747 ·
585 1714 689 1767 tot
718 1692 1029 1790 pariunt,
1080 1710 1256 1787 quot
1280 1716 1518 1785 canes;
1565 1710 1774 1789 atque
1802 1688 1992 1763 idem
2013 1690 2152 1763 cibi
2177 1717 2394 1788 genus
2421 1711 2542 1765 est.

580 1828 657 1906 ,V
660 1827 865 1901 inunt
905 1822 995 1897 ad
1034 1850 1247 1897 annos
1279 1850 1413 1897 sex.
1448 1818 1461 1829 ’
1515 1822 1862 1899 Panthera
1885 1822 2274 1922 (panther)
2305 1850 2552 1899 coecos

587 1962 757 2037 item
816 1959 1037 2057 gignit
1052 2013 1072 2051 ,
1170 1957 1760 2057 quemadmodum
1827 1958 2060 2055 lupus.
2101 1992 2112 2001 ·
2163 1956 2556 2057 Nunquam

587 2095 827 2195 plures
868 2112 1173 2190 quatuor
1220 2093 1419 2191 parit.
1467 2130 1477 2140 ··
1521 2092 1711 2192 Lupi
1759 2094 2056 2165 cei-uarii
2083 2091 2368 2189 (thoes)
2403 2094 2550 2167 im·-

585 2231 869 2327 plentur
896 2226 1087 2299 coitu
1102 2282 1123 2321 ,
1174 2248 1249 2301 vt
1280 2254 1512 2301 canes:
1563 2226 1847 2325 pariunt
1879 2254 2080 2299 coeca
2099 2225 2246 2301 duo
2275 2248 2396 2301 aut
2421 2231 2557 2303 tria

590 2380 706 2431 aut
734 2380 1037 2457 quatuor
1059 2388 1372 2436 numero.
1430 2360 1650 2447 Quod
1676 2359 1766 2432 ad
1797 2360 1943 2433 eius
1971 2362 2267 2459 speciem
2292 2365 2554 2455 attinet,

586 2490 880 2565 caudam
907 2518 1145 2567 versus
1172 2493 1579 2590 porrigitur,
1627 2493 1751 2567 sed
1774 2493 2119 2569 humilior
2150 2516 2269 2570 est.
2349 2498 2558 2571 Cele—

591 2627 787 2709 ritate
818 2654 1104 2726 quoque
1146 2648 1440 2726 praestat
1454 2682 1474 2721 ,
1529 2657 1930 2728 quanquam
1962 2634 2282 2705 cruribus
2310 2633 2554 2707 breui-

586 2761 755 2834 bus:
822 2790 1067 2837 verum
1128 2785 1496 2862 propterea
1544 2762 1739 2861 quod
1787 2765 1986 2863 agilis
2035 2788 2168 2860 est,
2234 2766 2552 2866 prosilire

584 2893 791 2991 longe
814 2914 1057 2993 potest.
1078 2892 1351 2994 [Vulgo
1384 2918 1452 2969 et
1476 2896 1824 2995 scaligero
1854 2902 2250 3006 XXXVI]
2267 2902 2446 2975 Sunt
2477 2902 2558 2975 in

584 3026 787 3129 Syria
818 3028 1031 3124 muli,
1085 3028 1424 3130 (hemioni
1440 3033 1492 3128 ,)
1525 3014 1626 3101 sic
1665 3034 1854 3105 enim
1881 3034 2277 3131 appellant,
2325 3034 2572 3109 diuer-

585 3188 747 3235 sum
788 3164 876 3235 ab
907 3163 993 3263 iis
1036 3190 1285 3262 genus,
1338 3164 1466 3261 qui
1499 3190 1584 3236 ex
1623 3163 1814 3239 coitu
1843 3168 2012 3266 equi
2042 3172 2356 3267 asinique
2384 3196 2560 3268 pro—

587 3314 941 3387 creantur3
1009 3297 1223 3371 simili
1270 3318 1502 3371 tamen
1551 3297 1767 3395 facie3
1833 3322 1909 3377 vt
1955 3303 2300 3377 siluestres
2350 3305 2562 3377 etiam

587 3423 763 3499 asini
812 3426 909 3499 ob
958 3432 1309 3525 quandam
1370 3430 1908 3541 similitudinem
1952 3462 2113 3509 cum
2159 3432 2556 3511 domesticis

588 3559 916 3659 appellati
948 3580 1125 3633 sunt.
1229 3566 1321 3639 Et
1350 3566 1950 3666 quemadmodum
1977 3567 2151 3641 asini
2182 3568 2554 3665 siluestreS‚

588 3696 685 3769 ita
712 3694 792 3769 hi
824 3696 1002 3769 muli
1034 3716 1379 3794 praestant
1408 3702 1769 3777 celeritate.
1839 3702 1996 3777 Hoc
2026 3701 2104 3775 in
2124 3726 2372 3802 genere
2401 3720 2560 3779 mui-

584 3826 697 3903 lae
724 3828 1033 3903 vicissim
1061 3851 1145 3901 ex
1173 3853 1246 3900 se
1272 3853 1674 3924 procreant:
1725 3835 1922 3933 quod
1947 3864 2032 3911 ex
2061 3838 2146 3918 iis
2177 3837 2562 3937 deprehen·-

586 3984 745 4033 sum
810 3984 907 4038 est
920 3970 973 4059 ‚'
1005 3961 1133 4063 qui
1194 3984 1533 4040 venerunt
1595 3967 1673 4040 iu
1735 3966 2119 4071 Phrygiam
2181 3968 2558 4047 Pharnacis
2603 4006 2608 4009 ·
