2917 4959
653 455 742 528 52
977 522 988 533 .
1250 452 2011 528 ARISTOTELIS

650 644 1015 745 plicatura:
1057 636 1302 735 Vnguis
1331 638 1669 717 omnibus,
1690 638 1765 713 in
1788 663 2089 735 summo,
2124 641 2471 741 plicatura
2486 678 2623 725 vna

649 780 974 857 omnibus
1017 770 1489 848 inferioribus.
1594 774 1743 863 Qui
1786 776 2189 852 interiorem
2218 779 2416 879 pedis
2450 812 2621 883 par-

645 937 788 988 tem
815 936 1108 983 crassam
1141 936 1284 983 non
1310 936 1555 984 cauam
1583 909 1881 1003 habent,
1929 910 2063 1005 ita,
2106 934 2181 989 vt
2212 936 2353 991 tota
2383 919 2621 1017 planta

643 1042 1122 1146 ingrediantur
1137 1099 1160 1138 ,
1210 1044 1487 1121 versuti.
1591 1045 2019 1121 Communes
2062 1074 2273 1123 coxae
2300 1078 2381 1125 ac
2406 1051 2619 1125 tibiae

637 1212 824 1286 genu
847 1201 917 1255 et
941 1182 1206 1279 poples,

719 1317 952 1395 CAP.
983 1314 1152 1387 XII.
1181 1312 1424 1412 (vulgo
1451 1313 1685 1389 adhuc
1712 1316 1880 1391 XV.
1916 1315 2265 1418 Scaligero
2296 1318 2537 1415 XVI.)

789 1452 978 1529 Mari
1027 1478 1107 1524 ae
1144 1448 1442 1521 feminae
1482 1474 1887 1523 communes
1938 1475 2163 1549 partes
2216 1452 2382 1527 hae:
2436 1480 2615 1554 quae

635 1614 714 1669 vt
750 1590 1014 1689 positae
1055 1606 1218 1658 sunt
1261 1610 1473 1681 supra
1521 1604 1589 1657 et
1632 1584 1851 1674 infra,
1920 1604 2077 1656 ante
2119 1604 2189 1658 et
2230 1614 2455 1687 pone,
2522 1587 2615 1662 ad

515 1806 520 1811 .
634 1723 952 1798 dextram
989 1740 1058 1793 et
1085 1718 1434 1791 sinistram
1449 1772 1473 1811 ‚
1524 1714 1749 1792 videri
1791 1719 2073 1791 fortasse
2107 1721 2375 1816 possint
2410 1744 2613 1797 notae

631 1856 864 1932 sensui
878 1908 900 1947 ,
963 1883 1126 1927 cum
1190 1874 1353 1927 sunt
1420 1852 1805 1927 exteriores.
1912 1854 2187 1929 Verum
2234 1853 2473 1929 eadem
2521 1856 2610 1931 de

631 2018 868 2068 caussa
884 2046 903 2084 ,
955 2018 1168 2090 quam
1199 2017 1280 2061 su
1283 2017 1410 2088 pra
1439 1986 1835 2061 dicebamus
1850 2044 1871 2082 ,
1923 1986 2011 2059 de
2034 1988 2205 2085 ipsis
2235 1992 2401 2064 item
2429 1993 2609 2065 scri-

561 2206 568 2217 ,
629 2124 943 2200 bendum
971 2146 1106 2219 est3
1151 2145 1228 2201 vt
1257 2124 1519 2197 scilicet
1550 2150 1715 2195 cum
1744 2120 1921 2196 ordo
1946 2124 2380 2216 absoluatur‚
2430 2146 2606 2219 tum,

628 2264 768 2335 illis
806 2260 1219 2336 enumeratis
1236 2314 1258 2353 ,
1315 2279 1619 2349 constet,
1690 2284 1869 2357 quae
1902 2256 2180 2331 homini
2225 2258 2606 2359 ceterisque

526 2410 569 2455 2
631 2396 1100 2470 animantibus
1141 2422 1284 2469 non
1317 2393 1755 2471 conueniant.
1858 2391 2081 2487 Igitur
2120 2392 2181 2464 si
2210 2420 2373 2467 oum
2404 2395 2599 2489 locis,

625 2556 804 2629 quos
847 2547 1092 2605 natura
1121 2555 1330 2625 supra
1375 2526 1697 2623 infraque
1726 2520 2073 2620 disposuit
2087 2578 2109 2617 ,
2162 2552 2449 2625 superae
2478 2530 2601 2603 in·-

571 2694 576 2703 ·
621 2666 944 2765 feraeque
1020 2661 1330 2738 hominis
1390 2679 1618 2759 partes
1682 2678 2201 2755 comparentur,
2284 2662 2599 2739 inuenias

625 2799 859 2897 ipsum
889 2799 1092 2872 facile
1123 2796 1363 2870 ceteris
1409 2794 1671 2869 anteire
1693 2792 2125 2867 animalibus.
2226 2795 2332 2869 Ita
2362 2822 2481 2871 eae
2502 2797 2596 2872 ad

623 2933 930 3007 vniuersi
948 2934 1138 3006 orbis
1163 2933 1376 3006 situm
1392 2950 1601 3029 atque
1616 2926 1936 3003 ordinem
1962 2926 2317 3023 accedunt,
2334 2958 2592 3030 quem-

619 3064 1004 3149 admodum
1051 3064 1422 3141 anteriores
1466 3089 1751 3163 quoque
1805 3084 1873 3136 et
1912 3065 2356 3177 posteriores:
2422 3069 2591 3143 item

620 3200 902 3277 dextrae
957 3222 1164 3301 atque
1207 3201 1539 3275 sinistrae.
1642 3200 1743 3274 At
1784 3199 1915 3273 alia
1954 3200 2277 3277 animalia
2318 3227 2435 3278 aut
2476 3232 2591 3280 eas

531 3404 551 3427 .-
618 3336 1027 3435 neutiquam
1073 3358 1270 3413 nacta
1307 3356 1505 3430 sunt,
1556 3356 1675 3409 aut
1708 3362 1857 3409 non
1887 3335 1982 3445 ita
2011 3364 2373 3437 expressas.
2473 3336 2585 3412 Ac

617 3492 826 3569 eaput
869 3471 1102 3569 ipsum
1149 3470 1436 3572 quidem
1484 3470 1813 3545 omnihus
1848 3466 2257 3571 impositum
2300 3472 2583 3570 corpori

617 3629 745 3681 suo
787 3605 956 3700 fuit3
1007 3607 1196 3681 solus
1239 3627 1469 3682 tamen
1515 3604 1734 3682 homo
1779 3608 2123 3706 perfectus
2152 3603 2241 3684 ad
2273 3606 2583 3681 vniuersi

515 3735 559 3796 3
616 3744 950 3817 rationem
966 3796 988 3835 ,
1055 3767 1309 3840 eorpus
1338 3740 1550 3816 habet
1574 3770 1802 3815 suum.
1842 3712 1851 3719 ι
1904 3742 2299 3815 sustinetur
2324 3771 2365 3816 a
2391 3744 2577 3819 collo

617 3900 856 3976 eaput:
905 3880 1037 3951 sub
1075 3878 1260 3953 collo
1301 3896 1539 3975 pectus
1565 3898 1757 3966 ante,
1804 3874 2093 3947 dorsum
2134 3900 2336 3973 pone.
2438 3878 2574 3951 Se-
2682 3980 2688 3985 *
2722 3932 2736 3943 ,

615 4037 930 4111 quuntur
959 4012 1137 4089 illud
1175 4034 1409 4093 venter
1423 4068 1448 4111 ,
1510 4011 1651 4089 hoc
1672 4008 1939 4111 lumbi3
2000 4028 2155 4085 tum
2184 4036 2415 4092 autem
2442 4040 2569 4111 ge-
