2917 4959
669 458 812 529 DE
857 451 1334 528 ANIMAL.
1381 452 1657 525 HIST.
1710 458 1801 527 v.
1856 482 1973 528 22.
2110 491 2113 494 -
2168 482 2315 555 219

481 654 486 659 “
634 639 912 741 [Vulgo
1011 638 1260 717 XXV.
1361 635 1715 736 scaligero
1810 640 2027 739 XX.]
2108 628 2111 633 ¹

497 775 776 851 Coeunt
821 774 1031 853 etiam
1077 774 1409 851 formicae
1452 796 1523 849 et
1568 775 1853 873 pariunt
1896 772 2318 854 vermiculos
2380 808 2416 851 2

342 912 684 1013 [ouorum
731 911 960 1011 speeie
1007 911 1232 983 addit
1259 911 1560 983 Plinius
1570 908 1633 1009 ,]
1684 909 1811 1013 qui
1841 912 2025 985 milli
2056 912 2159 986 rei
2183 942 2317 989 an-

341 1052 506 1125 nexi
537 1070 723 1125 sunt.
827 1046 894 1120 Ii
920 1044 1128 1119 initio
1161 1072 1200 1119 e
1225 1046 1465 1145 paruis
1496 1065 1565 1118 et
1590 1045 1913 1121 rotundis
1944 1048 2319 1125 crescendo

339 1186 528 1263 fiunt
575 1180 874 1277 oblongi
889 1232 912 1271 ,
961 1200 1170 1277 atque
1211 1178 1290 1253 in
1327 1179 1733 1253 membrana
1778 1176 2005 1255 debita
2050 1181 2319 1257 discer-

335 1338 634 1393 nuntur.
687 1314 978 1389 Horum
999 1334 1194 1387 ortua
1213 1338 1374 1388 vere
1393 1332 1511 1387 est.
1548 1308 1756 1411 [Cap.
1775 1313 2069 1413 XXVL
2083 1320 2318 1417 vulgo,

344 1449 564 1526 XXI.
601 1446 1016 1549 Scaligero]
1065 1448 1358 1523 Pariunt
1391 1448 1603 1523 etiam
1628 1450 1885 1523 terreni
1916 1450 2314 1550 scorpiones
2378 1466 2419 1527 3

337 1582 774 1659 vermiculos
800 1604 1106 1661 onerum
1133 1582 1360 1683 specie
1389 1583 1675 1676 multos,
1724 1593 1933 1682 atq'ue
1958 1584 2319 1660 incubant.

336 1716 405 1793 Ii
433 1718 558 1795 vbi
581 1726 748 1795 aunt
773 1718 1096 1818 perfecti,
1132 1719 1493 1818 expellunt
1520 1738 1833 1819 parentes
1858 1739 2067 1819 atque
2094 1719 2324 1796 inter-

337 1854 628 1950 ficiunt3
657 1854 856 1957 quod
885 1855 1096 1929 etiam
1132 1854 1206 1931 in
1231 1882 1643 1930 aranearum
1671 1880 1919 1955 genere
1948 1856 2048 1929 fit.
2098 1853 2323 1955 Saepe

339 1986 438 2063 ad
460 1988 784 2067 vndoeim
807 1994 1108 2067 'numero
1139 1996 1577 2091 generantur.

364 2221 428 2296 C
457 2222 530 2297 A
555 2224 636 2297 P.
687 2225 934 2298 XXII.
989 2224 1230 2323 (vulgo
1278 2221 1562 2298 XXVI.
1617 2220 1971 2318 Scaligero
2014 2220 2299 2319 XXII.)

495 2390 934 2467 Vniuersum
965 2418 1182 2492 genus
1217 2418 1631 2466 araneorum
1660 2389 1803 2465 coit
1832 2416 1977 2487 quo
2015 2386 2323 2463 diximus

341 2526 582 2602 modo.
667 2526 858 2602 Parit
881 2526 1301 2605 vermiculos
1327 2528 1621 2625 pusillos
1652 2524 1986 2623 primum.
2070 2524 2325 2599 Totius

340 2660 540 2735 enim
583 2660 968 2735 mutatione
993 2661 1177 2734 fiunt
1190 2715 1211 2756 ‚
1262 2686 1410 2734 non
1454 2681 1799 2758 exparte:
1849 2657 2171 2755 alioquin
2202 2683 2328 2729 ro-

339 2792 550 2867 tundi
585 2820 711 2894 per
753 2794 956 2871 initia
1003 2816 1202 2869 sunt:
1255 2795 1368 2893 (vt
1396 2818 1709 2867 cuorum
1750 2794 2077 2888 speciem
2092 2816 2327 2885 prae·-

339 2928 518 3000 bere
550 2931 922 3026 possint.)
1005 2930 1192 3003 Cum
1231 2929 1507 3029 peperit
1521 2986 1542 3026 ‚
1608 2930 1893 3004 incubat
1938 2954 2021 3001 ac
2076 2928 2331 3027 figurat

343 3062 581 3137 tribua
613 3064 880 3139 diebus,
979 3066 1066 3140 In
1091 3067 1232 3139 tela
1273 3065 1560 3183 pariqnt
1588 3090 1828 3139 omnes
1842 3118 1865 3157 ‚
1914 3060 2040 3135 sed
2067 3062 2328 3161 partim

347 3202 429 3273 in
455 3198 654 3274 tenui
681 3220 750 3273 et
767 3199 1013 3294 breui,
1057 3201 1312 3299 partim
1342 3203 1420 3277 in
1439 3199 1824 3275 :crassiorez
1874 3217 1942 3271 et
1972 3198 2091 3271 alii
2118 3197 2192 3271 in
2224 3197 2329 3271 si·-

201 3430 210 3440 ι
347 3364 450 3411 nu
499 3334 926 3409 orbiculato:
989 3338 1347 3411 nonnullis
1393 3338 1605 3411 etiam
1648 3336 1887 3435 aliqua
1928 3338 2199 3407 tantum
2223 3350 2330 3405 'ex

342 3492 546 3571 parte
593 3466 1124 3543 circumdantur
1169 3498 1212 3543 a
1254 3473 1410 3547 tela.
1512 3472 1586 3546 N
1588 3498 1683 3545 on
1724 3474 1965 3544 omnes
2021 3466 2330 3541 araneoli

348 3604 568 3678 simul
611 3624 1073 3703 generantur:
1123 3606 1356 3679 statim
1401 3607 1549 3681 nati
1594 3627 1663 3681 et
1706 3605 1966 3680 saliunt
2007 3621 2076 3675 et
2118 3599 2329 3672 filum

350 3738 698 3813 emittunt.
779 3738 1064 3815 Humor·
1093 3736 1287 3815 idem
1319 3740 1396 3815 in
1434 3739 1833 3819 vermiculis
1868 3732 2117 3810 attritis
2148 3751 2217 3803 et
2248 3729 2327 3805 in

349 3872 746 3945 iuuenculis
793 3873 1128 3949 araneolis
1141 3929 1164 3970 ,
1249 3877 1516 3977 quippe
1558 3898 1849 3953 crassus
1864 3924 1887 3965 ,
1962 3862 2322 3943 candidua.

350 4006 714 4088 Pratenses
750 4008 986 4088 aranei
1023 4010 1311 4112 pariunt
1348 4012 1426 4087 in
1470 4014 1605 4089 tela
1618 4064 1643 4109 ‚
1706 4006 1907 4083 cuius
1934 3992 2325 4097 ‘dimidium
2382 4030 2425 4075 2
2494 3984 2505 3993 ⁵
