2917 4959
742 461 795 526 E
880 459 1369 524 VERSIONE
1454 459 1872 524 ALBERTI
1953 464 2035 526 Μ.
2247 467 2372 530 465

352 653 375 664 -
392 649 477 712 pe
500 631 747 710 quidem
781 631 1075 692 eueniunt
1100 632 1351 693 dolores
1372 631 1574 691 subito
1609 653 1688 693 ex
1712 633 1964 693 inflante
1989 635 2371 714 ventositate,

388 733 549 792 sieut
594 742 737 792 suut
772 734 1025 792 'dolores
1070 733 1652 811 impraegna'tarum5
1710 735 2020 812 quoniam·
2040 736 2372 796 ventositas

388 832 703 892 matricem
732 832 979 891 eleuaus
1004 832 1221 911 pungit
1250 832 1475 912 inguen
1505 833 1578 892 ad
1609 835 1959 894 exeundum
1985 817 2216 910 nitensss
2257 833 2376 894 ali.-

388 932 635 1010 quando
662 933 839 991 etiam
870 941 1117 1010 recepto
1145 943 1449 1010 spermate
1477 933 1636 990 intra
1669 937 1846 994 talem
1871 932 2179 993 matricem
2195 953 2372 1005 ‚cum

350 1077 355 1082 .
385 1047 631 1107 sperma
648 1030 711 1088 in
724 1041 975 1092 ventum
990 1029 1348 1104 resoluitur‚·
1368 1031 1440 1089 fit
1458 1031 1691 1090 tumida
1713 1035 1951 1109 matrix,
1969 1033 2136 1112 quod
2151 1035 2374 1111 opina-

384 1136 493 1187 tur
520 1130 776 1202 mulier,
831 1147 897 1185 se
922 1145 1051 1185 esse
1076 1127 1579 1208 impraegnatam,
1624 1129 1676 1188 si
1713 1130 1821 1188 diu
1847 1117 2174 1193 ventositas
2209 1133 2378 1194 intra

350 1251 357 1258 ·
386 1225 707 1286 natricem
726 1228 927 1285 clausa
942 1233 1235 1284 teneatur.
1278 1225 1409 1286 Stat
1428 1236 1624 1285 autem
1641 1227 1756 1286 iste
1771 1236 1992 1304 tumor,
2011 1233 2206 1291 donec
2219 1251 2374 1294 ven-

380 1335 485 1386 tus
514 1344 758 1404 sperma
772 1325 945 1403 quasi
974 1343 1089 1402 per
1118 1321 1401 1386 aborsum
1434 1324 1667 1386 eiiciat:
1697 1334 1758 1384 et
1783 1334 1930 1385 tunc
1960 1332 2371 1394 residet-veu-

384 1434 485 1484 ter
512 1436 842 1486 conuersus
873 1424 951 1483 ad
982 1424 1441 1504 dispositionem
1469 1425 1762 1504 priorem.
1839 1425 1918 1486 Et
1949 1427 2068 1487 hoc
2089 1429 2371 1490 accidens

381 1519 635 1604 prioris
654 1523 1021 1583 infirmitatis
1064 1544 1415 1604 graecorum
1464 1525 1686 1585 medici
1719 1537 1942 1586 vocant
1979 1547 2367 1606 ragmoneou.

378 1621 607 1684 Euenit
644 1632 843 1684 autem
890 1620 1131 1684 matrici
1176 1621 1533 1701 dupiiciter:
1591 1643 1674 1684 ex
1705 1624 2058 1686 infirmitate
2089 1629 2369 1689 acciden-

380 1723 495 1782 tali
520 1721 835 1784 videlicet:
880 1731 941 1780 et
960 1721 1259 1780 tunc¹leui
1290 1705 1531 1780 tollitur
1561 1725 1989 1786 medicamine:
2037 1729 2243 1788 euenit
2270 1738 2367 1790 et-

340 1869 343 1872 .
378 1823 505 1882 iam
536 1842 617 1882 ex
650 1819 1000 1881 natiuitate:
1040 1829 1103 1878 et
1130 1827 1277 1880 tunc
1308 1821 1578 1880 radicata
1601 1823 1920 1884 infirmitas
1945 1826 2011 1884 in
2041 1829 2366 1906 principiis

381 1921 763 1982 naturalibus
784 1921 1141 1982 incurabilis
1173 1931 1263 1982 est
1276 1966 1293 1996 ,
1336 1929 1447 1979 aut·
1458 1919 1570 1978 vix
1596 1932 1796 2000 potest
1819 1924 2039 1985 curari.
2115 1924 2368 2004 Signum

380 2029 581 2081 autem
596 2065 613 2097 ,
646 2019 807 2082 hanc
832 2023 1247 2084 infirmitatem
1274 2039 1399 2080 non
1424 2039 1540 2099 per
1564 2030 1841 2080 naturam
1877 2021 2076 2088 inesse
2109 2025 2364 2098 matrici]

380 2129 471 2180 eat
488 2165 505 2196 ,
548 2120 603 2178 si
631 2122 956 2202 aliquando
984 2123 1208 2181 matrix
1230 2138 1468 2198 sperma
1491 2119 1714 2199 recipit
1747 2131 1808 2179 et
1832 2131 1998 2180 tenet
2015 2163 2032 2196 ,
2075 2132 2138 2180 et
2161 2131 2364 2181 tamen

346 2239 509 2279 mou
542 2221 816 2298 sequitur
854 2219 1312 2301 impraegnatio.
1396 2217 1465 2277 Si
1492 2218 1658 2278 enim
1688 2237 1802 2296 per
1830 2227 2109 2279 naturam
2138 2223 2364 2282 inesset

373 2319 701 2380 fortificata
740 2319 969 2398 passio,
1008 2325 1120 2379 'aut
1155 2338 1396 2397 sperma
1419 2315 1615 2395 recipi
1647 2335 1772 2374 non
1806 2319 2214 2396 permitteret,
2259 2331 2364 2381 aut

376 2429 695 2497 receptum
738 2417 1279 2478 atatim-reficeret.
1336 2413 1522 2501 (Cap.
1552 2415 1654 2490 IV,
1707 2414 1786 2502 ι.)
1828 2420 2106 2498 Amplius
2161 2429 2362 2494 autem

375 2519 731 2578 multotiens
762 2518 1127 2600 prohibetur
1150 2517 1233 2576 im
1240 2516 1589 2596 praegnatio
1615 2528 1872 2596 propter
1897 2539 2202 2598 spasmum
2219 2564 2234 2594 ,
2254 2520 2360 2597 qui

376 2627 470 2678 est
508 2619 576 2677 in
610 2621 879 2682 matrice.
960 2618 1247 2697 Spasmus
1280 2627 1482 2676 autem
1527 2614 1594 2673 iu
1621 2617 1870 2675 matrice
1907 2619 2176 2677 accidere
2209 2635 2360 2676 con·-

378 2720 583 2778 aueuit
604 2735 699 2780 'ex
738 2721 967 2780 duabus
1006 2719 1231 2777 causis:
1290 2723 1397 2772 aut
1426 2713 1586 2771 enim
1627 2714 1851 2774 accidit
1884 2737 1962 2775 ex
1992 2725 2358 2794 apostemate

374 2817 577 2878 calido
600 2820 835 2880 -malum
864 2820 1183 2879 humorem
1208 2811 1574 2886 atu-abente,
1601 2824 1662 2873 et
1683 2817 1773 2875 sic
1799 2823 2139 2895 spasmante
2168 2833 2360 2875 venas

324 2965 329 2970 .
376 2925 441 2974 et
472 2935 729 2993 neruos;
772 2919 928 2978 sicut
956 2935 1137 2976 omne
1166 2913 1556 2987 extensibile‚
1601 2915 1844 2993 quando
1873 2917 2135 2974 multum
2165 2913 2358 2973 trahi-

374 3021 479 3072 tur-
523 3014 593 3074 in
628 3019 885 3078 circuitu
922 3017 991 3075 in
1032 3015 1291 3096 spissum
1310 3059 1327 3089 ,
1370 3013 1849 3072 decurtationem
1887 3013 2117 3092 patitur
2149 3013 2217 3070 in
2250 3031 2360 3070 sua

374 3111 785 3192 longitudin03
830 3117 988 3176 sicut
1026 3115 1081 3174 si
1114 3133 1317 3174 saccus
1343 3112 1421 3172 de
1451 3112 1622 3171 corio
1651 3111 2004 3170 extensibili
2029 3111 2226 3170 factus
2257 3131 2360 3170 su-

374 3215 844 3293 perimplentur:
894 3215 1061 3274 illius
1098 3215 1263 3275 enim
1278 3213 1496 3272 atatim
1534 3211 1848 3290 longitudo
1883 3211 2262 3270 contrahitur
2299 3221 2359 3271 et

374 3313 758 3390 decurtatur3
802 3316 943 3395 quia
980 3313 1313 3376 substantia
1345 3329 1474 3370 non
1505 3311 1722 3372 sufficit
1759 3311 1988 3372 duabus
2026 3311 2210 3370 simul
2243 3331 2358 3372 ex·-

368 3413 769 3477 tonsionibus.
854 3415 993 3476 Alia
1027 3416 1101 3473 de
1148 3431 1325 3472 causa
1368 3421 1705 3490 spasmatur
1747 3411 1974 3471 matrix
2002 3409 2361 3492 inanitione,

370 3512 615 3590 quando
644 3514 839 3575 multa
864 3511 1195 3578 humiditas
1219 3509 1474 3572 fluxerit
1501 3529 1580 3568 ex
1605 3507 1774 3588 'ipsa3
1803 3510 1962 3570 sicut
1989 3509 2222 3568 corium
2249 3507 2359 3567 de·-

370 3621 645 3671 curtatur
684 3623 745 3672 et
789 3603 1149 3693 corrugatur
1186 3612 1264 3670 ad
1304 3611 1526 3688 ignem.
1614 3607 1722 3668 Est
1762 3611 1926 3669 enim
1957 3605 2182 3668 matrix
2207 3609 2356 3668 sub-

366 3709 589 3769 stantia
627 3731 891 3773 neruosa
933 3710 1343 3786 extensibilis,
1386 3710 1545 3769 sicut
1587 3709 1856 3780 σοι-ἰωῆς
1901 3717 1960 3766 et
1993 3707 2132 3765 ideo
2173 3703 2358 3766 etiam

368 3825 677 3885 spasmum
704 3815 963 3888 patitur,
1004 3813 1163 3872 sieut
1188 3811 1445 3878 corium.
1513 3810 1822 3888 Tempore
1845 3804 2010 3865 enim
2041 3815 2248 3884 partus
2277 3825 2356 3867 ex

364 3905 595 3968 multis.
612 3909 965 3974 matricibus
990 3921 1227 3970 tautum
1256 3906 1740 3972 effluithumoris
1757 3950 1773 3981 ,
1809 3906 1974 3982 quod
1999 3915 2212 3984 postea
2233 3904 2356 3962 sic·-

364 4004 513 4068 citas
542 4009 861 4090 spermatis
896 4009 1244 4073 dominatur
1268 4011 1339 4070 iu
1378 4033 1467 4072 ea.
1551 4007 1629 4068 Et
1657 4005 1752 4071 his
1795 4004 2024 4066 duabus
2054 4006 2130 4066 de
2159 4003 2354 4065 causis

1492 4110 1546 4168 G
1567 4127 1600 4186 g
