2917 4959
690 509 830 574 DE
876 462 1694 578 ANIMAL.-‘Hls'1·.
1745 512 1866 581 vl.
1919 490 2032 583 36.
2211 520 2352 609 295

376 712 733 791 tempore,
754 688 912 789 ·.qui
952 688 1379 763 Pharnabazi
1415 708 1610 787 pater
1643 691 1804 764 fuit·
1899 694 2181 771 Durant
2223 698 2352 773 ad·-

386 826 573 919 huc;.
612 823 733 897 sed
774 845 913 896 tres
942 844 1223 897 „tantum
1265 850 1455 899 nunc
1499 846 1724 915 extant
1743 873 1788 919 ,-
1815 852 1977 900 eum
2010 830 2182 905 olim
2213 860 2352 908 no-

390 988 542 1035 vem
558 1014 580 1053 ,
630 980 707 1034 vt
730 960 927 1033 aiunt
940 1014 963 1055 ,
1010 956 1290 1032 fuerint.
2041 939 2048 953 ¹

388 1184 697 1273 ‚CAR
734 1194 981 1269 XXX.
1032 1196 1275 1295 (vulgo
1323 1217 1393 1273 et
1438 1194 1794 1294 scaligero
1841 1200 2300 1306 XXXVIII.)

533 1363 855 1439 Murium
899 1364 1248 1463 generatio
1292 1367 1612 1467 inprimis
1647 1368 1992 1441 mirabilis
2026 1399 2194 1469 prae
2224 1400 2344 1448 ce-

386 1501 549 1573 teris
596 1498 1043 1589 animalibus,
1095 1519 1248 1572 tum
1278 1500 1771 1599 magnimdine·
1795 1523 1950 1575 tum
1984 1476 2352 1579 celefitsfe:

382 1632 535 1705 Iam
573 1630 859 1705 enimin
894 1658 1051 1706 vase
1076 1633 1381 1708 miliario
1412 1632 1786 1733 i1ite'rcepta
1813 1637 2068 1710 femina
2100 1638 2342 1736 'graui-—

383 1767 491 1860 ἀει,
526 1794 671 1841 non
694 1766 923 1839 multo
952 1788 1113 1865 post
1137 1791 1377 1868 aperto
1408 1798 1586 1863 vase,
1642 1771 2012 1843 extiterunt
2041 1774 2340 1846 musculi

378 1922 659 1975 eentum
682 1898 929 1998 viginti
958 1929 1271 1977 numero.
1353 1900 1439 1978 Iu
1475 1880 1877 2004 quaestione
1905 1904 2110 1980 etiam
2145 1929 2244 1980 est
2276 1929 2344 1979 et

378 2038 727 2136 generatio
744 2059 810 2111 et
828 2036 1149 2111 interitus
1167 2040 1504 2130 murium,
1527 2038 1744 2137 quiin
1766 2037 1944 2135 agris
1961 2022 2352 2136 emerguht³

378 2171 627 2245 Multis
655 2172 843 2245 enim
882 2172 957 2265 in
987 2172 1166 2245 locis
1194 2171 1509 2245 murium
1539 2164 2063 2245 innumerabilis
2091 2172 2352 2244 multi-⁶

383 2303 557 2379 tudo
584 2306 659 2376 iu
691 2304 877 2376 aruis
902 2306 1191 2379 existere
1214 2306 1387 2379 solet
1400 2360 1427 2397 ,
1450 2305 1546 2379 ita
1569 2329 1644 2382 vt
1661 2332 1746 2381 ex
1771 2305 2092 2380 vniuersa
2117 2325 2342 2401 segete

386 2466 635 2539 parum
664 2436 919 2535 reliqui
958 2441 1095 2511 fiat.
1176 2438 1357 2511 Tam
1384 2461 1664 2537 repente
1691 2440 1881 2533 enim
1910 2437 2339 2529 moriuntur,

384 2592 457 2645 vt
484 2570 610 2669 qui
640 2569 834 2645 haud
864 2572 961 2645 ita
991 2572 1138 2671 agri
1170 2601 1506 2671 magnum
1529 2574 1820 2650 modum
1848 2573 2130 2662 colunt,
2177 2597 2342 2643 cum

378 2702 707 2779 vidissent
735 2704 985 2781 instare
1008 2708 1245 2781 messis
1273 2728 1575 2807 tempus,
1609 2707 1946 2808 postridie
1977 2728 2178 2777 mane
2209 2699 2342 2773 ad-

377 2836 601 2913 ductis
648 2839 1073 2913 messoribus
1090 2896 1115 2933 ,
1177 2840 1584 2947 deuoratatm
1619 2842 2012 2917 Vniuersam
2049 2842 2348 2933 segetem

380 2972 823 3047 offenderent.
904 2975 1179 3049 Verum
1221 2974 1437 3051 iidem
1477 2978 1840 3051 abolentur
1871 2975 2040 3047 item
2074 2976 2342 3069 pme'ter

384 3107 755 3181 rationem:
827 3109 1069 3206 paucis
1118 3110 1307 3185 enim
1356 3110 1606 3185 diebus
1657 3109 1946 3185 omnino
1993 3132 2342 3204 nusquam

382 3262 799 3340 comparent.
898 3242 999 3316 At
1044 3244 1401 3321 enimuero
1434 3244 1756 3321 homines
1801 3243 1868 3319 ei
1899 3240 2000 3316 rei
2029 3260 2346 3313 antener-

262 3432 268 3437 .
380 3397 593 3451 tentes
634 3377 953 3453 euincere
980 3405 1125 3453 uon
1160 3402 1451 3479 possunt
1477 3382 1592 3455 vel
1629 3378 1976 3454 suffitibus
2005 3376 2116 3453 vel
2141 3374 2345 3447 effos-

378 3539 449 3585 sa
489 3490 671 3586 terra
700 3514 815 3591 vel
860 3511 1071 3586 etiam
1112 3512 1612 3589 venationibus.
1717 3511 1911 3601 Quin
1953 3508 2342 3585 immittunt

378 3673 531 3719 sues
558 3674 843 3747 quoque
856 3700 878 3740 ‚
931 3648 1241 3745 quorum
1278 3672 1492 3746 opera
1519 3647 1810 3721 illorum
1835 3648 2054 3721 lustra
2081 3665 2340 3712 eruan-

380 3800 515 3851 tur.
613 3777 735 3851 Ad
794 3778 969 3853 haee
1024 3782 1149 3859 vul
1150 3808 1271 3880 pes
1333 3782 1498 3855 illos
1546 3802 1852 3881 captant,
1903 3797 1972 3853 et
2016 3770 2340 3872 inprimis

381 3932 669 4012 agrestes
690 3914 1019 3987 mustelae
1044 3915 1425 4014 (viuerrae)
1456 3916 1901 3990 interficiunt.
1999 3911 2104 3984 At
2125 3934 2214 3981 ne
2241 3907 2340 3979 sic

380 4046 669 4147 quidem
704 4068 825 4121 aut
840 4046 1375 4124 foecunditatem
1392 4070 1512 4124 aut
1527 4050 1948 4123 celeritatem
1969 4038 2337 4143 generandi
