2917 4959
674 445 814 513 DE
874 441 1348 514 ANIMAL.
1416 441 1696 510 HIST.
1763 399 1818 512 1⁸.
1877 469 1942 516 1.
2175 476 2260 526 n

309 649 577 706 ter-atae.
646 626 823 700 Item
848 626 1027 698 aliae
1054 624 1405 723 garrulae,
1439 621 1648 721 [aliae
1669 623 2074 718 taciturnae,
2107 631 2272 706 aliae

310 765 631 862 loquaces
642 760 701 860 ,]
744 763 915 834 aliae
948 761 1375 851 ‹amatrice-5,
1431 756 1638 855 [aliae
1669 778 1904 830 cantus
1933 757 2209 856 ignarae
2224 765 2278 865 ι]

306 899 571 996 quibus
603 896 931 970 omnibus
960 892 1036 966 id
1064 916 1165 967 est
1195 893 1573 992 peculiare,
1609 913 1684 966 vt
1719 892 1940 964 coitus
1969 914 2283 994 tempore

306 1031 663 1106 mutillent
705 1051 771 1104 et
812 1031 1301 1128 obloquantur.
1397 1025 1698 1124 Campos
1733 1027 1904 1103 aliae
1938 1030 2278 1126 incolum,

308 1167 527 1242 veluti
562 1165 966 1263 palumbes3
1006 1163 1331 1261 (phatta3)
1364 1163 1534 1236 aliae
1563 1183 1866 1255 montes,
1905 1183 1980 1236 vt
2011 1191 2276 1277 vpupa:

308 1301 487 1372 aliae
514 1327 683 1370 cum
713 1296 1007 1370 homine
1033 1295 1379 1386 habitant,
1413 1315 1486 1368 vt
1513 1296 1854 1370 columba.
1873 1293 2278 1396 (peristera.)

310 1431 527 1506 Aliae
570 1431 645 1502 in
684 1455 998 1503 venerem
1041 1451 1201 1502 sunt
1245 1427 1732 1526 propensiores
1747 1483 1769 1520 ,
1822 1451 1896 1502 vt
1936 1431 2180 1527 perdix
2211 1455 2280 1508 et
2308 1501 2316 1511 .

312 1567 767 1662 gallinaceum
802 1591 1047 1662 genus:
1100 1562 1275 1635 aliae
1317 1561 1673 1654 castiores,
1723 1583 1797 1636 vt
1842 1566 2114 1640 coruini
2151 1595 2278 1665 ge·-

313 1699 498 1771 neris
546 1725 735 1770 aues:
790 1726 947 1772 raro
980 1698 1169 1771 enim
1210 1693 1596 1770 admodum
1621 1694 1752 1770 hae
1781 1698 2044 1772 coitum
2075 1727 2276 1776 exer-.-

312 1854 489 1905 cent.
542 1831 663 1904 Ad
681 1832 853 1905 haec
883 1830 1221 1930 quaedam
1250 1828 1340 1902 ad
1369 1829 1824 1938 pugnandum
1853 1855 2048 1932 aptae
2074 1859 2265 1912 sunt:
2297 1845 2374 1910 14

312 1965 733 2067 quibusdam
762 1964 1053 2039 cauendi
1080 1949 1958 2066 ingenium'comparatum.
2011 1969 2276 2044 Prior-is

308 2102 579 2198 generis
606 2123 768 2173 sunt
782 2155 803 2193 ,
836 2125 1289 2198 quaecunque
1312 2119 1431 2170 aut
1452 2099 1764 2172 inferunt
1779 2100 2040 2174 bellum
2066 2103 2278 2200 ipsae,

312 2257 435 2305 aut
468 2238 750 2306 illatum
787 2235 1235 2330 propulsant.—
1300 2233 1744 2308 Cautioribus
1771 2231 2014 2307 ⁴autem
2051 2237 2282 2308 cantio

316 2389 455 2459 est,
522 2391 611 2437 ne
642 2362 817 2464 quid
850 2365 1125 2461 capiant
1152 2365 1558 2441 detrimenti.
1661 2369 2016 2444 Differam
2049 2391 2277 2444 autem

316 2519 386 2571 et
430 2497 545 2570 his
587 2497 1101 2572 discriminibus
1142 2501 1524 2574 secundum
1567 2528 1809 2575 mores.
1917 2503 2276 2590 Quaedam

314 2654 475 2705 sunt
514 2633 713 2706 mites
756 2653 823 2705 et
870 2635 1155 2708 remisso
1186 2634 1437 2714 animo
1473 2661 1695 2736 neque
1727 2639 2113 2735 peruicacoe
2129 2695 2148 2731 ,
2200 2659 2276 2714 vt

313 2794 551 2842 vacca:
600 2765 943 2866 quaedam
988 2768 1333 2840 animosae
1370 2789 1576 2867 atque
1618 2771 2004 2868 peruicaces
2043 2792 2110 2845 et
2157 2772 2279 2845 in·-

312 2921 509 2998 eptae
536 2899 625 2972 ad
654 2899 1060 2974 discendum
1076 2956 1098 2994 ,
1148 2924 1223 2976 vt
1250 2931 1432 3002 aper.
1534 2901 1738 2978 Aliae
1765 2928 1994 2980 cautae
2025 2929 2093 2980 et
2121 2933 2276 2981 mea·

315 3035 676 3126 ticulosae‚
722 3057 799 3114 vt
825 3063 1072 3110 ceruus
1114 3057 1183 3110 et
1212 3039 1447 3136 lepus,
1497 3036 1890 3141 [dasypus]
1929 3041 2278 3136 [Vulgati

318 3168 493 3240 libri
528 3170 833 3265 leporem
866 3191 935 3243 et
962 3172 1370 3244 cuniculum
1408 3173 1844 3271 nominant]
1891 3175 2092 3248 Aliae
2123 3159 2278 3247 illi4

310 3304 585 3376 ber-ales
626 3323 692 3374 et
749 3295 1144 3399 insidiosae,
1224 3327 1301 3380 vt
1346 3321 1654 3406 serpens:
1724 3309 1894 3383 aliae
1939 3311 2280 3403 liberales,

314 3433 525 3512 fortes
540 3493 561 3530 ,
614 3438 891 3512 nobiles
904 3493 925 3532 ,
976 3460 1049 3516 vt
1090 3442 1219 3515 leo.
1324 3439 1526 3514 Aliae
1569 3467 1930 3539 generosae
1944 3483 1970 3537 ,-
2017 3446 2276 3518 feroces

314 3593 383 3644 et
420 3571 824 3665 insidiosae,
876 3594 953 3649 vt
981 3576 1208 3674 lupus·
1283 3574 1355 3649 N
1359 3575 1758 3650 obileenim'
1793 3578 1869 3651 id
1899 3599 2028 3671 est,
2082 3573 2278 3677 quod

320 3731 565 3802 genere
588 3710 783 3782 bono
806 3729 1224 3806 prognatum
1249 3727 1377 3782 eSt:
1428 3737 1836 3808 generosum
1849 3769 1870 3806 ,
1911 3709 2104 3812 quod
2131 3733 2276 3779 non

317 3858 423 3910 δί
464 3865 801 3936 egressum
830 3871 873 3917 e
908 3866 1151 3916 natura
1198 3869 1335 3918 sua.
1440 3846 1619 3918 Item
1667 3849 1840 3922 aliae
1869 3861 2180 3923 versutae
2207 3861 2274 3918 et
2301 3843 2374 3905 15

316 3973 671 4050 maleficae
684 4032 705 4072 ,
772 3999 850 4055 vt
889 3980 1161 4078 vulpes:
1241 3979 1411 4058 aliae
1452 3983 1798 4064 animosae
1811 4041 1834 4081 ‚
1898 3974 2270 4075 amatrices,
