2917 4959
573 470 711 540 252
1178 460 1327 534 'AR
1352 462 1948 533 ISTOTELIS

473 648 516 708 4
589 653 862 725 Auium
920 648 1233 747 genitura
1282 648 1608 723 omnium
1657 646 1994 740 candida,
2081 646 2310 745 qmlis
2357 650 2572 725 etiam

574 788 883 861 aliorum
928 783 1354 855 animalium.
1462 782 1798 878 Concipit
1839 782 2100 855 femina
2132 780 2309 855 inita
2347 787 2575 882 supe-'-

578 920 760 994 riore
794 920 950 989 loco
970 972 989 1009 ,
1042 916 1169 1015 qui
1200 919 1435 989 subest
1465 914 2003 1013 praecinetur-ae.
2107 911 2219 987 Ac
2249 915 2567 1013 primum

580 1050 863 1151 qnidem
889 1052 1223 1147 exiguum
1255 1071 1323 1123 et
1354 1047 1740 1123 candidum
1769 1046 2084 1123 videtur:
2137 1045 2394 1123 deinde
2429 1080 2565 1125 ru-
2615 1083 2624 1092 ·

578 1188 789 1259 hrum
816 1208 883 1259 et
912 1185 1412 1285 sanguineum:
1444 1183 1568 1258 vbi
1595 1182 1856 1275 creuit,
1877 1185 2162 1256 luteum
2193 1204 2260 1256 et
2293 1187 2562 1281 fiat—mm

579 1340 830 1394 totum.
930 1318 1083 1393 Iam
1144 1319 1447 1418 amplius
1515 1338 1800 1391 auctum
1851 1315 2298 1409 discernitur,
2357 1338 2570 1417 atque

581 1454 773 1528 intus
806 1452 1093 1552 quidem
1134 1452 1405 1525 luteum
1455 1452 1796 1525 exteriore
1841 1450 2201 1525 albumine
2245 1453 2569 1527 ambitur.

587 1590 774 1663 Cuin
820 1614 987 1662 vero
1040 1586 1427 1685 perfectum
1481 1584 1732 1678 fuerit,
1793 1586 2184 1660 absoluitur
2223 1608 2432 1686 atque
2473 1590 2576 1662 itit

585 1721 763 1816 exit,
814 1742 1129 1819 tempore
1160 1718 1581 1819 procedente
1625 1748 1666 1795 e
1697 1721 1900 1794 molli
1943 1742 2290 1795 mutatum
2319 1723 2396 1795 in
2419 1721 2566 1796 du-

587 1884 767 1930 rum.
836 1854 1021 1929 Cum
1048 1854 1239 1931 enim
1274 1854 1676 1953 egreditur‚=
1703 1854 2023 1929 nondum
2055 1855 2414 1930 induruit:
2465 1858 2570 1931 si·-

586 1991 742 2063 mul
764 2011 971 2089 atque
1002 1988 1291 2089 prodiit,
1326 1990 1658 2088 spissatur
1677 2017 1757 2063 ac
1787 1990 2128 2085 durescit,
2161 1990 2296 2063 nisi
2317 1994 2569 2065 morbo

590 2122 927 2221 quopiam
952 2144 1407 2222 praeuetitum
1434 2126 1544 2197 sit.
1629 2123 1922 2197 Editum
1952 2126 2157 2199 etiam
2187 2125 2568 2225 aliquando

589 2257 729 2328 fuit
772 2286 994 2332 ouum
1034 2260 1205 2353 tale,
1270 2260 1478 2357 quale
1507 2256 1818 2357 quodam
1859 2281 2176 2359 tempore
2208 2281 2310 2335 est
2347 2288 2576 2335 ouum

592 2414 836 2485 omne3
886 2386 1072 2464 l‘utea
1118 2391 1309 2465 enit'n
1338 2394 1666 2467 similiter
1703 2414 1865 2467 sunt
1880 2450 1902 2487 ‚
1954 2395 2186 2495 qualis
2221 2416 2459 2493 postea
2491 2400 2576 2471 fit

592 2519 889 2597 vitellus.
992 2524 1153 2599 Hoc
1180 2525 1390 2599 etiam
1432 2526 1670 2599 colore
1699 2527 1778 2601 in
1810 2524 2104 2603 dissecta
2137 2530 2396 2628 gallina
2431 2532 2574 2604 iam

592 2654 743 2727 visa
770 2652 933 2731 sunt
966 2656 1099 2733 snb
1126 2659 1638 2761 praecinetur-ae
1664 2663 1859 2759 loco,
1881 2663 2004 2740 vbi
2031 2664 2198 2738 illae
2223 2691 2361 2737 oua
2391 2688 2574 2736 con-

594 2789 853 2885 tinent,
902 2795 1131 2892 specie
1158 2790 1452 2893 quidem
1482 2798 1668 2871 l'nten
1685 2837 1714 2891 ,·
1759 2818 1829 2869 at
1855 2794 2336 2895 magnitudine
2366 2806 2585 2899 tant&

595 2944 854 3019 quanta
899 2949 1063 3001 sunt
1101 2956 1275 3025 oua3
1340 2956 1524 3030 quae
1566 2934 1642 3004 in
1687 2928 1995 3032 prodigii
2039 2934 2196 3005 loeo
2237 2929 2575 3030 deputare

596 3080 1127 3136 consueuerant.
1232 3060 1380 3150 Qui
1422 3066 1620 3137 aiunt
1649 3063 2070 3167 hypenemia
2097 3065 2366 3157 (irrita
2397 3063 2578 3161 oua)

595 3188 926 3286 reliquias
970 3222 1217 3274 eorum
1256 3220 1399 3271 esse
1419 3252 1442 3291 ,
1491 3224 1672 3295 quae
1717 3220 1916 3273 antea
1955 3226 1996 3272 e
2025 3200 2214 3274 eoitn
2255 3222 2576 3298 generata

596 3343 757 3395 sunt
771 3378 793 3415 ‚
846 3325 1043 3402 haud
1081 3352 1263 3405 recte
1298 3333 1632 3405 sentiunt.
1701 3330 1892 3406 Nam
1939 3356 2376 3433 compertum
2407 3333 2570 3425 fuit,

596 3456 675 3529 in
708 3457 1120 3557 gallinarum
1140 3488 1209 3539 et
1237 3488 1564 3540 anserum
1587 3492 1836 3565 genere
1861 3464 2203 3541 eiusmodi
2231 3490 2368 3539 oua
2383 3462 2590 3537 edita'

598 3616 741 3666 esse
802 3622 842 3666 a
890 3599 1189 3671 nouellis
1238 3601 1391 3674 sine
1436 3604 1584 3677 vilo
1631 3602 1842 3676 eoitu.
1941 3602 2214 3674 Eorum
2259 3608 2572 3673 emonmi

590 3725 999 3824 magnitudo
1040 3734 1293 3828 minor,
1360 3737 1734 3836 minusque
1777 3734 2016 3808 maffia
2071 3756 2142 3809 et
2180 3734 2570 3835 liquidiora

588 3882 801 3953 quam
846 3890 962 3962 ea,
1042 3894 1223 3967 quae
1266 3861 1423 3969 epta
1469 3890 1632 3941 sunt
1681 3868 1769 3941 ad
1825 3871 2382 3967 generationem,
2451 3868 2572 3944 sed

582 3990 785 4081 plura
820 4027 1138 4080 numero.
1196 4003 1275 4077 Si
1310 4004 1425 4079 aui
1457 4004 1944 4099 subiiciantur,
1995 4004 2238 4108 liquor
2267 4006 2389 4079 ille
2421 4008 2584 4103 non·
