2917 4959
660 491 809 560 DE
858 483 1337 558 ANIMAL.
1400 483 1682 555 HIST.
1749 487 1873 559 IX.
1930 493 2046 561 25.
2147 495 2342 588 ‘417

312 691 317 698 ’
352 673 545 750 Nam
576 698 758 776 quae
784 672 950 743 tum'
980 667 1068 742 de
1096 693 1261 744 rana
1292 666 1838 770 piscatrice'tum
1863 673 1954 748 de
1975 675 2345 775 torpedine

352 804 839 907 praedicantur
854 860 877 897 ‚
932 803 1093 881 vera
1140 823 1321 876 sunt.
1428 802 1714 904 Quippe
1763 835 1930 894 rana
1965 807 2052 880 iis
2083 835 2344 908 appen-

300 949 309 956 '
350 941 670 1035 dicibusJ
720 967 900 1042 quae
947 939 1225 1038 gemina
1268 937 1583 1034 pilorum
1637 940 1854 1016 modo
1897 969 2066 1040 prae
2115 944 2342 1018 oculis

346 1073 822 1175 propendent,
902 1099 1147 1145 earum
1192 1095 1528 1144 cacumen
1545 1126 1567 1165 ‚
1607 1101 1614 1111 ·
1654 1075 1851 1172 quod
1891 1077 2344 1175 globulosum

353 1230 493 1303 est,
558 1237 725 1281 cum
787 1205 1040 1280 sabulo
1102 1223 1223 1277 aut
1286 1203 1465 1276 limo
1483 1259 1504 1297 ,
1557 1232 1774 1304 quem
1836 1207 2199 1306 excitauit,
2251 1238 2344 1287 ‘se

353 1303 583 1442 ipsam
611 1323 977 1414 abscondit
994 1393 1016 1432 ‚
1048 1335 1270 1438 quasi
1302 1363 1494 1412 escae
1533 1340 1750 1438 gratia
1777 1341 2065 1437 attollit3
2117 1373 2342 1444 appe-

348 1475 653 1550 tentibus
690 1473 1047 1574 pisciculis
1078 1471 1465 1566 contrahit,
1515 1501 1736 1574 vsque
1765 1475 1942 1550 dum
1971 1475 2062 1550 a'd
2090 1503 2170 1552 os
2201 1477 2340 1552 ad-

298 1639 305 1644 ·
346 1607 649 1682 duxerit.
752 1606 1085 1708 Torpedo
1120 1627 1351 1682 autem
1380 1634 1690 1706 quorum
1717 1609 2019 1708 piscium
2047 1613 2336 1713 compos
2393 1649 2438 1692 2

344 1744 585 1817 futura
626 1765 727 1817 est
740 1771 799 1830 ,·
836 1769 955 1817 eos
999 1741 1258 1819 virtute
1306 1770 1383 1816 ea
1399 1796 1422 1836 ,
1476 1769 1692 1841 quam
1742 1770 1874 1819 suo
1918 1746 1994 1820 in
2039 1774 2338 1847 corpore

350 1875 600 1970 habet,
652 1895 933 1976 torpere
962 1874 1163 1969 facit,
1216 1874 1502 1974 illisque
1531 1877 1748 1974 captis
1776 1877 2008 1952 alitur.
2110 1881 2338 1958 Abdit

292 2015 303 2022 ⁴
349 2037 523 2088 vero
546 2037 693 2085 sese
720 2009 797 2084 in
826 2035 1111 2084 arenam
1148 2028 1219 2083 et
1246 2009 1481 2083 lutum
1496 2065 1518 2103 ‚
1569 2030 1638 2084 et
1672 2011 1856 2108 capit
1885 2037 2336 2111 supernatan-

346 2165 451 2220 tes
476 2146 698 2246 pisces
714 2200 737 2240 ,
768 2173 951 2245 quos
978 2171 1065 2219 eo
1097 2143 1345 2216 allatos
1371 2164 1766 2241 torpescere
1797 2145 2056 2221 fecerit.
2111 2147 2336 2223 Cuius

350 2278 456 2354 rei
482 2299 895 2380 spectatores
932 2276 1151 2376 aliqui
1183 2277 1395 2352 hiere.
1452 2275 1717 2352 Condit
1743 2279 1952 2353 etiam
1982 2283 2336 2380 pastinaca

349 2439 497 2488 sese
512 2469 533 2507 ,
586 2411 711 2488 sed
762 2441 927 2488 non·
958 2412 1295 2487 similiter.
1402 2411 1620 2499 Quod
1666 2434 1896 2488 autem
1939 2416 2040 2489 sic
2068 2417 2332 2512 viuant,

350 2569 845 2648 argumentum
876 2545 1063 2622 illud
1091 2567 1207 2622 est.
1282 2546 1677 2646 capiuntur
1693 2549 1902 2624 enim
1933 2577 2138 2649 saepe
2169 2549 2336 2625 cum

348 2681 670 2780 mugile
648 2709 725 2756 in
754 2704 993 2758 ventre
1007 2738 1029 2779 ,
1064 2679 1508 2760 velocissimo
1532 2682 1874 2781 piscium,
1909 2684 2340 2756 tardissimas

350 2815 561 2915 ipsae.
646 2815 889 2890 Ranae
920 2843 1113 2909 vero,
1147 2838 1327 2914 quae
1354 2841 1502 2888 non
1501 2815 1840 2921 amplius
1873 2817 2200 2915 globulos
2229 2819 2340 2918 pi·

348 2949 587 3024 lorum
650 2948 811 3024 illos
872 2948 1285 3044 habuerint,
1370 2950 1758 3048 capiuntur
1805 2945 2348 3028 macilentiores.-

308 3081 315 3086 ’
355 3081 555 3170 Quin
596 3082 805 3154 etiam
852 3081 1150 3183 torpedo
1194 3084 1560 3160 manifesto
1591 3081 1916 3160 homines
1951 3107 2340 3184 torpescere

349 3219 535 3294 facit.
640 3216 1014 3292 Occultant
1063 3239 1206 3293 sese
1263 3245 1470 3293 arena
1525 3219 1736 3293 etiam
1777 3219 2028 3294 asellus
2071 3243 2142 3296 et
2186 3221 2352 3296 raia·
2395 3245 2436 3306 3

326 3327 619 3452 ⁰(batos)
652 3373 721 3426 et
754 3377 987 3454 passer
1016 3371 1087 3426 et
1116 3354 1456 3452 squatina.
1558 3352 1800 3453 Atque
1826 3355 1946 3432 vbi
1979 3323 2126 3432 sese
2155 3383 2340 3432 con-

355 3485 661 3584 didere,‘
694 3509 850 3574 tum
884 3486 1351 3584 surriguntin
1384 3489 1696 3588 virgulae
1730 3490 2026 3565 modum
2051 3518 2130 3566 ea
2160 3515 2342 3590 quae

314 3631 320 3637 ’
354 3621 437 3696 in
490 3649 615 3696 ore
660 3622 959 3714 habent,
1028 3640 1239 3721 atque
1290 3645 1546 3698 vocant
1589 3622 1960 3723 piscatores
2011 3623 2338 3698 radiolos.

316 3763 323 3772 ’
355 3755 466 3829 Eo
506 3753 841 3828 accedunt
866 3755 1127 3831 minuti
1152 3757 1474 3856 pisciculi
1491 3792 1536 3854 ‚‘
1565 3779 1898 3858 tanquam
1931 3755 2020 3830 ad
2056 3759 2344 3856 algulas,

358 3887 621 3988 quibus
662 3888 845 3964 vesci
888 3867 1327 3966 consueuere.
1365 3891 1588 3992 [Cap.
1623 3891 1900 3970 XLIX.
1933 3888 2346 3988 scaligero]

294 3995 303 4004 .
360 4020 516 4099 Vbi
528 4021 1239 4125 anthiasconspectus
1262 4027 1514 4122 fueriu'
1528 4031 1690 4101 non·
1703 4021 2346 4100 inuenitur'bellua.

1473 4161 1546 4236 D
1565 4158 1616 4234 d
