2917 4959
672 433 815 508 504
1280 433 2046 506 ARISTOTELIS

670 620 759 694 ad
790 641 1063 720 partum
1088 621 1213 708 sit,
1264 619 1622 718 praeuenit
1647 618 2058 696 descendere
2091 628 2326 699 ni'ense
2355 647 2629 704 octauoa

672 756 815 842 Qui
838 775 1065 828 autem
1092 752 1346 826 maturi
1374 779 1518 827 non
1547 774 1744 846 sunt,
1787 755 1912 830 sed
1937 759 2254 832 suffocati
2271 815 2292 852 ,
2339 758 2632 857 [meme

666 903 928 960 octauo
941 889 1321 983 pariundi
1332 938 1358 974 ‚
1408 911 1594 980 quos
1623 911 1772 957 non
1783 891 2198 981 perferunt
2229 894 2630 967 octo‘meu-

662 1047 779 1092 ses
828 1024 1183 1094 mulieres
1220 1021 1554 1096 omittunt
1591 1021 1884 1096 Codices
1921 1025 2096 1124 alii]
2131 1054 2358 1126 neque
2405 1057 2628 1104 oecu-

658 1180 825 1256 pant
883 1157 1296 1234 descendere
1356 1177 1606 1230 octauo
1671 1182 1904 1230 mense
1919 1211 1940 1250 ‚
2011 1185 2240 1257 neque
2296 1169 2474 1238 vteri
2537 1193 2624 1240 00

658 1319 893 1368 mense
922 1294 1347 1392 aperiuntur.
1445 1286 1676 1387 quue
1707 1289 1972 1366 indicio
2003 1314 2104 1365 est
2119 1347 2139 1385 ,
2189 1295 2460 1371 foetum
2481 1327 2626 1374 non

658 1455 800 1506 esse
842 1450 1191 1502 maturum
1204 1481 1225 1519 ,
1276 1452 1443 1496 cum
1487 1424 1628 1496 exit
1671 1445 2041 1524 antequam
2089 1455 2270 1527 quae
2319 1431 2623 1506 diximus

556 1613 598 1657 2
658 1564 1085 1663 contigerint.
1154 1561 1319 1634 Post
1346 1579 1762 1656 conceptum
1791 1560 2175 1637 mulierum
2205 1583 2428 1638 totum
2461 1593 2623 1640 eor-

652 1727 785 1802 pus
816 1716 1248 1796 affirmatur,
1296 1695 1484 1770 visus
1509 1692 2024 1790 obtenebratur,
2073 1725 2150 1770 ea
2153 1699 2312 1797 pitis
2339 1697 2620 1775 dolores

653 1837 995 1912 oriuntur.
1096 1830 1332 1928 Atque
1357 1829 1536 1902 haec
1573 1817 1864 1928 quidem
1907 1833 2264 1906 nonnullis
2307 1834 2520 1907 eitius.
2537 1863 2624 1909 ae

654 1973 799 2047 fere
830 1968 947 2042 die
976 1965 1253 2040 decimo
1284 1963 1656 2060 eueniunt3
1707 1964 1862 2037 aliis
1893 1967 2112 2040 serius
2127 2020 2148 2059 ‚
2200 1988 2272 2039 vt
2301 1996 2620 2068 quaeque

651 2107 831 2184 forte
864 2103 1223 2204 superfluo
1262 2097 1562 2172 humore
1587 2097 1750 2196 plus
1789 2100 2022 2174 minus
2055 2123 2426 2197 occupatae
2451 2103 2620 2178 fue-

652 2243 813 2316 rint.
918 2239 1269 2311 Praeterea
1294 2257 1548 2308 nausea
1589 2254 1659 2306 et
1701 2237 1968 2310 vomitu
2011 2237 2354 2334 plurimae
2389 2239 2620 2314 oon-i-

646 2376 973 2476 piuntur3
1024 2370 1325 2443 maxime
1364 2397 1532 2443 vero
1569 2396 1722 2464 eae,
1775 2373 2030 2470 quibus
2068 2390 2332 2446 cessant
2356 2377 2618 2474 purga-

644 2509 903 2598 tiones,
954 2528 1182 2602 neque
1228 2503 1303 2573 in
1348 2529 1686 2576 mammas
1735 2503 2127 2580 deuel-tunt.
2171 2552 2178 2558 ·
2227 2507 2451 2604 Igitur
2493 2537 2616 2608 per

646 2643 847 2718 initia
858 2635 1203 2738 quaedam
1216 2636 1375 2735 plus
1392 2638 1716 2710 laborant
1723 2639 2079 2734 mulieres3
2093 2641 2440 2738 quaedam
2453 2672 2619 2742 pro-1

642 2777 929 2852 cedente
958 2795 1268 2870 tempore
1285 2825 1308 2864 ,
1355 2773 1664 2847 auctiore
1693 2775 1836 2846 iam
1867 2775 2094 2850 foetu:
2145 2775 2388 2848 multis
2409 2803 2618 2876 saepe

538 2927 585 2990 3
642 2906 925 2984 tandem
968 2905 1239 2978 vtinam
1269 2904 1608 2981 destillari
1649 2908 2009 3008 contingit.
2115 2911 2316 2998 Quae
2353 2927 2616 2986 mai-em

638 3063 887 3143 gerunt
902 3095 923 3134 ,
972 3041 1115 3115 fere
1145 3041 1416 3114 facilius
1444 3041 1942 3140 expediuntur,
1993 3064 2065 3118 et
2093 3045 2460 3122 nitidiores
2483 3046 2614 3124 de—

636 3199 844 3276 gunt:
896 3183 1076 3276 quae
1100 3174 1453 3269 feminami,
1475 3195 1732 3250 contra.
1820 3179 2204 3255 Decolor-es
2235 3181 2426 3253 enim
2458 3181 2615 3280 plus

636 3335 799 3386 sunt
838 3339 1085 3410 magna
1134 3338 1218 3386 ex
1272 3332 1497 3410 parte,
1590 3331 1796 3412 atque
1821 3314 2196 3388 -mo'lestius
2239 3316 2606 3412 agitantur.

636 3448 998 3546 Plerisque
1024 3449 1232 3522 etiam
1269 3474 1474 3520 crura
1497 3447 1766 3520 circum
1801 3449 2302 3538 intumescunt,
2349 3468 2417 3520 et
2444 3475 2613 3522 caro

633 3580 1176 3684 protuberasei13
1229 3609 1635 3682 quanquam
1657 3582 2010 3682 aliquibus
2041 3599 2282 3654 contra
2313 3580 2607 3655 eueniat.

630 3718 883 3792 Solent
947 3719 1486 3816 praegnantibus
1555 3717 1728 3792 varii
1791 3715 2136 3816 appetitus
2167 3715 2609 3813 ‘eontin'gm-e,

634 3849 829 3950 iique
857 3851 1173 3926 celeriter·
1200 3852 1657 3926 commutari:
1691 3849 1886 3948 quod
1913 3871 2166 3927 vocant
2181 3849 2612 3924 Graeeomm

630 3987 962 4063 nonnulli
1006 3988 1252 4087 picare.
1355 3985 1447 4060 Et
1483 4009 1664 4084 quae
1697 3986 2058 4062 foemellas
2103 4005 2356 4082 gerunt
2389 3982 2614 4082 magis·
