<?xml version="1.0" encoding="UTF-8"?>
<!DOCTYPE html PUBLIC "-//W3C//DTD XHTML 1.0 Transitional//EN"
    "http://www.w3.org/TR/xhtml1/DTD/xhtml1-transitional.dtd">
<html xmlns="http://www.w3.org/1999/xhtml" xml:lang="en" lang="en">
 <head>
  <title>
</title>
<meta http-equiv="Content-Type" content="text/html;charset=utf-8" />
  <meta name='ocr-system' content='tesseract 3.04.00' />
  <meta name='ocr-capabilities' content='ocr_page ocr_carea ocr_par ocr_line ocrx_word'/>
</head>
<body>
  <div class='ocr_page' id='page_1' title='image "aristotelisdean02schngoog_0253.png"; bbox 0 0 2917 4959; ppageno 0'>
   <div class='ocr_carea' id='block_1_1' title="bbox 632 476 2352 578">
    <p class='ocr_par' dir='ltr' id='par_1_1' title="bbox 632 476 2352 578">
     <span class='ocr_line' id='line_1_1' title="bbox 632 476 2352 578; baseline 0.004 -29"><span class='ocrx_word' id='word_1_1' title='bbox 632 482 784 549; x_wconf 84' lang='lat' dir='ltr'>DE</span> <span class='ocrx_word' id='word_1_2' title='bbox 846 476 1334 549; x_wconf 79' lang='lat' dir='ltr'><strong>ANIMAL.·</strong></span> <span class='ocrx_word' id='word_1_3' title='bbox 1387 478 1673 549; x_wconf 76' lang='lat' dir='ltr'>Hls&#39;r.</span> <span class='ocrx_word' id='word_1_4' title='bbox 1722 481 1850 551; x_wconf 73' lang='lat' dir='ltr'>vl.</span> <span class='ocrx_word' id='word_1_5' title='bbox 1902 480 1969 553; x_wconf 84' lang='lat'>6.</span> <span class='ocrx_word' id='word_1_6' title='bbox 2016 498 2083 578; x_wconf 82' lang='lat'>7.-</span> <span class='ocrx_word' id='word_1_7' title='bbox 2206 486 2352 557; x_wconf 80' lang='lat'>245</span> 
     </span>
    </p>
   </div>
   <div class='ocr_carea' id='block_1_2' title="bbox 241 662 2467 4125">
    <p class='ocr_par' dir='ltr' id='par_1_2' title="bbox 241 662 2467 3448">
     <span class='ocr_line' id='line_1_2' title="bbox 343 662 2343 763; baseline 0.002 -25"><span class='ocrx_word' id='word_1_8' title='bbox 343 663 504 739; x_wconf 87' lang='lat' dir='ltr'>aliis</span> <span class='ocrx_word' id='word_1_9' title='bbox 533 664 742 739; x_wconf 86' lang='lat' dir='ltr'>etiam</span> <span class='ocrx_word' id='word_1_10' title='bbox 773 662 1272 763; x_wconf 76' lang='lat' dir='ltr'>grandioribus</span> <span class='ocrx_word' id='word_1_11' title='bbox 1303 662 1557 739; x_wconf 79' lang='lat' dir='ltr'>auibus</span> <span class='ocrx_word' id='word_1_12' title='bbox 1586 662 1889 761; x_wconf 79' lang='lat' dir='ltr'>exigitur</span> <span class='ocrx_word' id='word_1_13' title='bbox 1922 662 2015 739; x_wconf 87' lang='lat' dir='ltr'>ad</span> <span class='ocrx_word' id='word_1_14' title='bbox 2043 664 2343 741; x_wconf 87' lang='lat' dir='ltr'>incuba-</span> 
     </span>
     <span class='ocr_line' id='line_1_3' title="bbox 337 794 2337 893; baseline 0.001 -18"><span class='ocrx_word' id='word_1_15' title='bbox 337 799 634 893; x_wconf 85' lang='lat' dir='ltr'>tionem‚</span> <span class='ocrx_word' id='word_1_16' title='bbox 683 820 762 875; x_wconf 79' lang='lat' dir='ltr'>vt</span> <span class='ocrx_word' id='word_1_17' title='bbox 811 797 1042 873; x_wconf 82' lang='lat' dir='ltr'>anseri</span> <span class='ocrx_word' id='word_1_18' title='bbox 1086 820 1154 873; x_wconf 93' lang='lat' dir='ltr'>et</span> <span class='ocrx_word' id='word_1_19' title='bbox 1197 798 1469 873; x_wconf 80' lang='lat' dir='ltr'><strong>tardae:</strong></span> <span class='ocrx_word' id='word_1_20' title='bbox 1523 794 1779 873; x_wconf 79' lang='lat' dir='ltr'>mediis</span> <span class='ocrx_word' id='word_1_21' title='bbox 1810 799 1971 873; x_wconf 87' lang='lat' dir='ltr'>satis</span> <span class='ocrx_word' id='word_1_22' title='bbox 2019 822 2184 874; x_wconf 84' lang='lat' dir='ltr'>sunt</span> <span class='ocrx_word' id='word_1_23' title='bbox 2220 804 2337 878; x_wconf 87' lang='lat' dir='ltr'>vi·-</span> 
     </span>
     <span class='ocr_line' id='line_1_4' title="bbox 333 932 2331 1033; baseline 0.002 -26"><span class='ocrx_word' id='word_1_24' title='bbox 333 933 510 1032; x_wconf 84' lang='lat' dir='ltr'>ginti</span> <span class='ocrx_word' id='word_1_25' title='bbox 525 990 546 1027; x_wconf 90' lang='lat'><strong>,</strong></span> <span class='ocrx_word' id='word_1_26' title='bbox 598 954 676 1010; x_wconf 84' lang='lat' dir='ltr'>vt</span> <span class='ocrx_word' id='word_1_27' title='bbox 721 933 944 1009; x_wconf 85' lang='lat' dir='ltr'>miluo</span> <span class='ocrx_word' id='word_1_28' title='bbox 991 955 1059 1007; x_wconf 88' lang='lat' dir='ltr'>et</span> <span class='ocrx_word' id='word_1_29' title='bbox 1107 933 1442 1033; x_wconf 73' lang='lat' dir='ltr'>accipitri.</span> <span class='ocrx_word' id='word_1_30' title='bbox 1548 932 1742 1009; x_wconf 86' lang='lat' dir='ltr'>Parit</span> <span class='ocrx_word' id='word_1_31' title='bbox 1784 956 2019 1010; x_wconf 86' lang='lat' dir='ltr'>autem</span> <span class='ocrx_word' id='word_1_32' title='bbox 2064 934 2331 1011; x_wconf 72' lang='lat' dir='ltr'>miluus</span> 
     </span>
     <span class='ocr_line' id='line_1_5' title="bbox 333 1065 2322 1169; baseline 0.002 -28"><span class='ocrx_word' id='word_1_33' title='bbox 333 1068 480 1143; x_wconf 84' lang='lat' dir='ltr'>fere</span> <span class='ocrx_word' id='word_1_34' title='bbox 528 1068 736 1163; x_wconf 78' lang='lat' dir='ltr'>bina3</span> <span class='ocrx_word' id='word_1_35' title='bbox 815 1066 1178 1141; x_wconf 87' lang='lat' dir='ltr'>interdum</span> <span class='ocrx_word' id='word_1_36' title='bbox 1227 1067 1438 1141; x_wconf 85' lang='lat' dir='ltr'>etiam</span> <span class='ocrx_word' id='word_1_37' title='bbox 1486 1086 1719 1141; x_wconf 87' lang='lat' dir='ltr'>ternos</span> <span class='ocrx_word' id='word_1_38' title='bbox 1770 1065 2015 1143; x_wconf 85' lang='lat' dir='ltr'>educat</span> <span class='ocrx_word' id='word_1_39' title='bbox 2063 1070 2322 1169; x_wconf 74' lang='lat' dir='ltr'>palles,</span> 
     </span>
     <span class='ocr_line' id='line_1_6' title="bbox 329 1198 2327 1300; baseline 0.001 -25"><span class='ocrx_word' id='word_1_40' title='bbox 329 1202 675 1299; x_wconf 84' lang='lat' dir='ltr'>Aegolius</span> <span class='ocrx_word' id='word_1_41' title='bbox 706 1200 1040 1299; x_wconf 82' lang='lat' dir='ltr'>(aetolius</span> <span class='ocrx_word' id='word_1_42' title='bbox 1073 1202 1221 1269; x_wconf 81' lang='lat' dir='ltr'>alii</span> <span class='ocrx_word' id='word_1_43' title='bbox 1251 1198 1601 1295; x_wconf 68' lang='lat' dir='ltr'>Codices)</span> <span class='ocrx_word' id='word_1_44' title='bbox 1630 1207 1863 1273; x_wconf 73' lang='lat' dir='ltr'>autem</span> <span class='ocrx_word' id='word_1_45' title='bbox 1887 1204 2011 1300; x_wconf 87' lang='lat' dir='ltr'>qui</span> <span class='ocrx_word' id='word_1_46' title='bbox 2040 1204 2327 1297; x_wconf 81' lang='lat' dir='ltr'>dicitur,&#39;</span> 
     </span>
     <span class='ocr_line' id='line_1_7' title="bbox 332 1332 2445 1433; baseline 0.002 -24"><span class='ocrx_word' id='word_1_47' title='bbox 332 1332 721 1433; x_wconf 78' lang='lat' dir='ltr'>aliquando</span> <span class='ocrx_word' id='word_1_48' title='bbox 785 1333 994 1409; x_wconf 81' lang='lat' dir='ltr'>etiam</span> <span class='ocrx_word' id='word_1_49' title='bbox 1053 1350 1445 1431; x_wconf 80' lang='lat' dir='ltr'>quaternos.</span> <span class='ocrx_word' id='word_1_50' title='bbox 1548 1332 1741 1410; x_wconf 80' lang='lat' dir='ltr'>Parit</span> <span class='ocrx_word' id='word_1_51' title='bbox 1764 1334 2000 1409; x_wconf 87' lang='lat' dir='ltr'>&#39;etiam</span> <span class='ocrx_word' id='word_1_52' title='bbox 2064 1364 2319 1416; x_wconf 84' lang='lat' dir='ltr'>coruus</span> <span class='ocrx_word' id='word_1_53' title='bbox 2433 1368 2445 1375; x_wconf 87' lang='grc'><em>·</em></span> 
     </span>
     <span class='ocr_line' id='line_1_8' title="bbox 331 1463 2314 1569; baseline 0.002 -26"><span class='ocrx_word' id='word_1_54' title='bbox 331 1497 482 1543; x_wconf 86' lang='lat' dir='ltr'>non</span> <span class='ocrx_word' id='word_1_55' title='bbox 508 1471 742 1547; x_wconf 73' lang='lat' dir='ltr'>solum</span> <span class='ocrx_word' id='word_1_56' title='bbox 768 1467 972 1560; x_wconf 85' lang='lat' dir='ltr'>bina,</span> <span class='ocrx_word' id='word_1_57' title='bbox 1006 1485 1082 1543; x_wconf 80' lang='lat' dir='ltr'>vt</span> <span class='ocrx_word' id='word_1_58' title='bbox 1106 1463 1312 1540; x_wconf 84' lang='lat' dir='ltr'>aiunt</span> <span class='ocrx_word' id='word_1_59' title='bbox 1339 1464 1664 1565; x_wconf 84' lang='lat' dir='ltr'>quidam,</span> <span class='ocrx_word' id='word_1_60' title='bbox 1700 1468 1823 1543; x_wconf 86' lang='lat' dir='ltr'>sed</span> <span class='ocrx_word' id='word_1_61' title='bbox 1854 1469 2065 1543; x_wconf 86' lang='lat' dir='ltr'>etiam</span> <span class='ocrx_word' id='word_1_62' title='bbox 2094 1472 2314 1569; x_wconf 88' lang='lat' dir='ltr'>plura.</span> 
     </span>
     <span class='ocr_line' id='line_1_9' title="bbox 333 1600 2319 1703; baseline 0 -26"><span class='ocrx_word' id='word_1_63' title='bbox 333 1602 634 1677; x_wconf 75' lang='lat' dir='ltr'>circiter</span> <span class='ocrx_word' id='word_1_64' title='bbox 669 1604 918 1701; x_wconf 78' lang='lat' dir='ltr'>‘viginti</span> <span class='ocrx_word' id='word_1_65' title='bbox 945 1600 1092 1675; x_wconf 85' lang='lat' dir='ltr'>dies</span> <span class='ocrx_word' id='word_1_66' title='bbox 1123 1601 1442 1693; x_wconf 85' lang='lat' dir='ltr'>incubat,</span> <span class='ocrx_word' id='word_1_67' title='bbox 1482 1602 1859 1703; x_wconf 86' lang='lat' dir='ltr'>pullosque</span> <span class='ocrx_word' id='word_1_68' title='bbox 1886 1603 2059 1679; x_wconf 88' lang='lat' dir='ltr'>nido</span> <span class='ocrx_word' id='word_1_69' title='bbox 2091 1605 2319 1699; x_wconf 89' lang='lat' dir='ltr'>eiicit;</span> 
     </span>
     <span class='ocr_line' id='line_1_10' title="bbox 326 1735 2317 1841; baseline 0.002 -31"><span class='ocrx_word' id='word_1_70' title='bbox 326 1736 408 1811; x_wconf 82' lang='lat' dir='ltr'>id</span> <span class='ocrx_word' id='word_1_71' title='bbox 467 1735 670 1837; x_wconf 87' lang='lat' dir='ltr'>quod</span> <span class='ocrx_word' id='word_1_72' title='bbox 713 1737 890 1811; x_wconf 85' lang='lat' dir='ltr'>aliae</span> <span class='ocrx_word' id='word_1_73' title='bbox 953 1762 1242 1837; x_wconf 85' lang='lat' dir='ltr'>quoque</span> <span class='ocrx_word' id='word_1_74' title='bbox 1290 1763 1454 1811; x_wconf 87' lang='lat' dir='ltr'>aues</span> <span class='ocrx_word' id='word_1_75' title='bbox 1502 1738 1788 1811; x_wconf 84' lang='lat' dir='ltr'>faciunt.</span> <span class='ocrx_word' id='word_1_76' title='bbox 1892 1738 2083 1814; x_wconf 87' lang='lat' dir='ltr'>Nam</span> <span class='ocrx_word' id='word_1_77' title='bbox 2133 1766 2317 1841; x_wconf 86' lang='lat' dir='ltr'>quae</span> 
     </span>
     <span class='ocr_line' id='line_1_11' title="bbox 327 1842 2467 1971; baseline 0.001 -25"><span class='ocrx_word' id='word_1_78' title='bbox 327 1874 532 1970; x_wconf 86' lang='lat' dir='ltr'>plura</span> <span class='ocrx_word' id='word_1_79' title='bbox 557 1872 880 1971; x_wconf 85' lang='lat' dir='ltr'>pariunt,</span> <span class='ocrx_word' id='word_1_80' title='bbox 927 1896 1430 1971; x_wconf 78' lang='lat' dir='ltr'>saepenumero</span> <span class='ocrx_word' id='word_1_81' title='bbox 1455 1897 1680 1946; x_wconf 80' lang='lat' dir='ltr'>vnum</span> <span class='ocrx_word' id='word_1_82' title='bbox 1721 1871 2031 1947; x_wconf 88' lang='lat' dir='ltr'>eiicinnt.</span> <span class='ocrx_word' id='word_1_83' title='bbox 2140 1872 2311 1947; x_wconf 91' lang='lat' dir='ltr'>Non</span> <span class='ocrx_word' id='word_1_84' title='bbox 2376 1890 2416 1949; x_wconf 80' lang='grc'>5</span> <span class='ocrx_word' id='word_1_85' title='bbox 2462 1842 2467 1848; x_wconf 24' lang='lat'><strong>¹</strong></span> 
     </span>
     <span class='ocr_line' id='line_1_12' title="bbox 328 2006 2309 2107; baseline -0.002 -25"><span class='ocrx_word' id='word_1_86' title='bbox 328 2008 567 2082; x_wconf 85' lang='lat' dir='ltr'>omnia</span> <span class='ocrx_word' id='word_1_87' title='bbox 591 2006 990 2107; x_wconf 84' lang='lat' dir='ltr'>aquilarum</span> <span class='ocrx_word' id='word_1_88' title='bbox 1015 2032 1267 2105; x_wconf 84' lang='lat' dir='ltr'>genera</span> <span class='ocrx_word' id='word_1_89' title='bbox 1295 2032 1517 2105; x_wconf 82' lang='lat' dir='ltr'>aeq-ue</span> <span class='ocrx_word' id='word_1_90' title='bbox 1542 2032 1701 2103; x_wconf 84' lang='lat' dir='ltr'>erga</span> <span class='ocrx_word' id='word_1_91' title='bbox 1735 2006 1971 2103; x_wconf 89' lang='lat' dir='ltr'>pullos</span> <span class='ocrx_word' id='word_1_92' title='bbox 2000 2030 2165 2079; x_wconf 89' lang='lat' dir='ltr'>suos</span> <span class='ocrx_word' id='word_1_93' title='bbox 2192 2007 2309 2078; x_wconf 85' lang='lat' dir='ltr'>af-</span> 
     </span>
     <span class='ocr_line' id='line_1_13' title="bbox 322 2136 2315 2239; baseline -0.002 -24"><span class='ocrx_word' id='word_1_94' title='bbox 322 2140 696 2233; x_wconf 82' lang='lat' dir='ltr'>ficiuntur3</span> <span class='ocrx_word' id='word_1_95' title='bbox 761 2139 885 2213; x_wconf 86' lang='lat' dir='ltr'>sed</span> <span class='ocrx_word' id='word_1_96' title='bbox 945 2162 1015 2215; x_wconf 82' lang='lat' dir='ltr'>et</span> <span class='ocrx_word' id='word_1_97' title='bbox 1071 2165 1423 2239; x_wconf 79' lang='lat' dir='ltr'>pygargus</span> <span class='ocrx_word' id='word_1_98' title='bbox 1486 2164 1763 2213; x_wconf 86' lang='lat' dir='ltr'>morosa</span> <span class='ocrx_word' id='word_1_99' title='bbox 1827 2158 1944 2212; x_wconf 86' lang='lat' dir='ltr'>est.</span> <span class='ocrx_word' id='word_1_100' title='bbox 2049 2136 2315 2235; x_wconf 86' lang='lat' dir='ltr'>Nigrae</span> 
     </span>
     <span class='ocr_line' id='line_1_14' title="bbox 324 2270 2315 2370; baseline 0.001 -26"><span class='ocrx_word' id='word_1_101' title='bbox 324 2272 816 2370; x_wconf 64' lang='lat' dir='ltr'>propensiores</span> <span class='ocrx_word' id='word_1_102' title='bbox 859 2270 1238 2345; x_wconf 84' lang='lat' dir='ltr'>educandis</span> <span class='ocrx_word' id='word_1_103' title='bbox 1285 2272 1499 2369; x_wconf 83' lang='lat' dir='ltr'>pullis</span> <span class='ocrx_word' id='word_1_104' title='bbox 1544 2294 1709 2345; x_wconf 86' lang='lat' dir='ltr'>sunt</span> <span class='ocrx_word' id='word_1_105' title='bbox 1743 2272 1909 2345; x_wconf 89' lang='lat' dir='ltr'>suis.</span> <span class='ocrx_word' id='word_1_106' title='bbox 2008 2270 2315 2370; x_wconf 82' lang='lat' dir='ltr'>Alioqui</span> 
     </span>
     <span class='ocr_line' id='line_1_15' title="bbox 323 2402 2309 2504; baseline -0.003 -23"><span class='ocrx_word' id='word_1_107' title='bbox 323 2426 570 2481; x_wconf 79' lang='lat' dir='ltr'>omnes</span> <span class='ocrx_word' id='word_1_108' title='bbox 631 2433 815 2504; x_wconf 85' lang='lat' dir='ltr'>quae</span> <span class='ocrx_word' id='word_1_109' title='bbox 861 2406 1056 2483; x_wconf 78' lang='lat' dir='ltr'>vncis</span> <span class='ocrx_word' id='word_1_110' title='bbox 1104 2407 1452 2503; x_wconf 81' lang='lat' dir='ltr'>vnguihus</span> <span class='ocrx_word' id='word_1_111' title='bbox 1518 2402 1869 2501; x_wconf 85' lang='lat' dir='ltr'>praeditae</span> <span class='ocrx_word' id='word_1_112' title='bbox 1914 2402 2079 2479; x_wconf 81' lang='lat' dir='ltr'>sunt</span> <span class='ocrx_word' id='word_1_113' title='bbox 2091 2460 2114 2499; x_wconf 82' lang='lat'>‚</span> <span class='ocrx_word' id='word_1_114' title='bbox 2186 2404 2309 2479; x_wconf 83' lang='lat' dir='ltr'>vbi</span> 
     </span>
     <span class='ocr_line' id='line_1_16' title="bbox 321 2535 2305 2641; baseline -0.003 -24"><span class='ocrx_word' id='word_1_115' title='bbox 321 2540 510 2641; x_wconf 85' lang='lat' dir='ltr'>pulli</span> <span class='ocrx_word' id='word_1_116' title='bbox 567 2542 804 2618; x_wconf 83' lang='lat' dir='ltr'>volare</span> <span class='ocrx_word' id='word_1_117' title='bbox 851 2548 1174 2640; x_wconf 84' lang='lat' dir='ltr'>queunt‚&#39;</span> <span class='ocrx_word' id='word_1_118' title='bbox 1221 2538 1513 2614; x_wconf 89' lang='lat' dir='ltr'>eiiciunt</span> <span class='ocrx_word' id='word_1_119' title='bbox 1576 2537 1925 2636; x_wconf 83' lang='lat' dir='ltr'>pulsantes</span> <span class='ocrx_word' id='word_1_120' title='bbox 1989 2564 2029 2611; x_wconf 91' lang='lat' dir='ltr'>e</span> <span class='ocrx_word' id='word_1_121' title='bbox 2092 2535 2305 2633; x_wconf 87' lang='lat' dir='ltr'>nido;</span> 
     </span>
     <span class='ocr_line' id='line_1_17' title="bbox 323 2670 2308 2776; baseline -0.004 -26"><span class='ocrx_word' id='word_1_122' title='bbox 323 2674 558 2776; x_wconf 83' lang='lat' dir='ltr'>quod,</span> <span class='ocrx_word' id='word_1_123' title='bbox 610 2672 1209 2775; x_wconf 84' lang='lat' dir='ltr'>quemadmodum</span> <span class='ocrx_word' id='word_1_124' title='bbox 1261 2672 1533 2745; x_wconf 85' lang='lat' dir='ltr'>dictum</span> <span class='ocrx_word' id='word_1_125' title='bbox 1576 2692 1675 2744; x_wconf 87' lang='lat' dir='ltr'>est</span> <span class='ocrx_word' id='word_1_126' title='bbox 1694 2726 1717 2764; x_wconf 90' lang='lat'>‚</span> <span class='ocrx_word' id='word_1_127' title='bbox 1768 2670 2069 2743; x_wconf 86' lang='lat' dir='ltr'>aliarum</span> <span class='ocrx_word' id='word_1_128' title='bbox 2116 2697 2308 2768; x_wconf 86' lang='lat' dir='ltr'>quo-</span> 
     </span>
     <span class='ocr_line' id='line_1_18' title="bbox 320 2770 2309 2913; baseline -0.005 -26"><span class='ocrx_word' id='word_1_129' title='bbox 320 2840 462 2912; x_wconf 90' lang='lat' dir='ltr'>que</span> <span class='ocrx_word' id='word_1_130' title='bbox 507 2810 810 2885; x_wconf 81' lang='lat' dir='ltr'>maxima</span> <span class='ocrx_word' id='word_1_131' title='bbox 858 2834 1022 2913; x_wconf 78' lang='lat' dir='ltr'>pars</span> <span class='ocrx_word' id='word_1_132' title='bbox 1065 2770 1267 2883; x_wconf 73' lang='lat' dir='ltr'>facit:</span> <span class='ocrx_word' id='word_1_133' title='bbox 1329 2830 1637 2902; x_wconf 87' lang='lat' dir='ltr'>cumque</span> <span class='ocrx_word' id='word_1_134' title='bbox 1684 2802 1975 2877; x_wconf 85' lang='lat' dir='ltr'>enutriti</span> <span class='ocrx_word' id='word_1_135' title='bbox 2022 2803 2309 2897; x_wconf 77' lang='lat' dir='ltr'>fuerint,</span> 
     </span>
     <span class='ocr_line' id='line_1_19' title="bbox 317 2936 2310 3045; baseline -0.006 -24"><span class='ocrx_word' id='word_1_136' title='bbox 317 2948 610 3031; x_wconf 62' lang='lat' dir='ltr'>nullam,</span> <span class='ocrx_word' id='word_1_137' title='bbox 657 2966 1006 3045; x_wconf 79' lang='lat' dir='ltr'>praeterea</span> <span class='ocrx_word' id='word_1_138' title='bbox 1061 2936 1312 3018; x_wconf 80' lang='lat' dir='ltr'>eorum</span> <span class='ocrx_word' id='word_1_139' title='bbox 1360 2959 1613 3039; x_wconf 82' lang='lat' dir='ltr'>gerunt</span> <span class='ocrx_word' id='word_1_140' title='bbox 1660 2965 1902 3014; x_wconf 85' lang='lat' dir='ltr'>curam</span> <span class='ocrx_word' id='word_1_141' title='bbox 1914 2987 1938 3023; x_wconf 90' lang='lat'>‚</span> <span class='ocrx_word' id='word_1_142' title='bbox 2022 2958 2310 3036; x_wconf 81' lang='lat' dir='ltr'>excepta</span> 
     </span>
     <span class='ocr_line' id='line_1_20' title="bbox 314 3072 2309 3175; baseline -0.005 -18"><span class='ocrx_word' id='word_1_143' title='bbox 314 3080 616 3157; x_wconf 84' lang='lat' dir='ltr'>cornice.</span> <span class='ocrx_word' id='word_1_144' title='bbox 715 3080 819 3153; x_wconf 83' lang='lat' dir='ltr'>Ea</span> <span class='ocrx_word' id='word_1_145' title='bbox 879 3080 1070 3155; x_wconf 89' lang='lat' dir='ltr'>enim</span> <span class='ocrx_word' id='word_1_146' title='bbox 1120 3076 1483 3175; x_wconf 83' lang='lat' dir='ltr'>aliquanto</span> <span class='ocrx_word' id='word_1_147' title='bbox 1546 3072 1756 3149; x_wconf 86' lang='lat' dir='ltr'>etiam</span> <span class='ocrx_word' id='word_1_148' title='bbox 1806 3094 2119 3173; x_wconf 88' lang='lat' dir='ltr'>tempore</span> <span class='ocrx_word' id='word_1_149' title='bbox 2165 3074 2309 3147; x_wconf 83' lang='lat' dir='ltr'>suis</span> 
     </span>
     <span class='ocr_line' id='line_1_21' title="bbox 321 3206 2308 3311; baseline -0.004 -22"><span class='ocrx_word' id='word_1_150' title='bbox 321 3214 556 3291; x_wconf 83' lang='lat' dir='ltr'>studet</span> <span class='ocrx_word' id='word_1_151' title='bbox 585 3211 780 3307; x_wconf 79' lang='lat' dir='ltr'>adeo,</span> <span class='ocrx_word' id='word_1_152' title='bbox 811 3234 888 3290; x_wconf 85' lang='lat' dir='ltr'>vt</span> <span class='ocrx_word' id='word_1_153' title='bbox 919 3234 1204 3311; x_wconf 85' lang='lat' dir='ltr'>propter</span> <span class='ocrx_word' id='word_1_154' title='bbox 1231 3238 1375 3287; x_wconf 85' lang='lat' dir='ltr'>sese</span> <span class='ocrx_word' id='word_1_155' title='bbox 1408 3212 1721 3288; x_wconf 79' lang='lat' dir='ltr'>volantes</span> <span class='ocrx_word' id='word_1_156' title='bbox 1734 3220 1739 3227; x_wconf 82' lang='grc'><strong><em>’</em></strong></span> <span class='ocrx_word' id='word_1_157' title='bbox 1752 3206 1905 3307; x_wconf 84' lang='lat' dir='ltr'>ipsa</span> <span class='ocrx_word' id='word_1_158' title='bbox 1934 3208 2145 3284; x_wconf 86' lang='lat' dir='ltr'>etiam</span> <span class='ocrx_word' id='word_1_159' title='bbox 2172 3234 2308 3283; x_wconf 79' lang='lat' dir='ltr'>vo-</span> 
     </span>
     <span class='ocr_line' id='line_1_22' title="bbox 241 3350 1174 3448; baseline -0.002 -23"><span class='ocrx_word' id='word_1_160' title='bbox 241 3378 246 3383; x_wconf 90' lang='lat'><em>·</em></span> <span class='ocrx_word' id='word_1_161' title='bbox 319 3350 473 3428; x_wconf 79' lang='lat' dir='ltr'>lans</span> <span class='ocrx_word' id='word_1_162' title='bbox 520 3368 778 3448; x_wconf 82' lang='lat' dir='ltr'>pascat.</span> <span class='ocrx_word' id='word_1_163' title='bbox 1171 3418 1174 3423; x_wconf 88' lang='lat'>.</span> 
     </span>
    </p>

    <p class='ocr_par' dir='ltr' id='par_1_3' title="bbox 575 3476 2057 3579">
     <span class='ocr_line' id='line_1_23' title="bbox 575 3476 2057 3579; baseline -0.004 -22"><span class='ocrx_word' id='word_1_164' title='bbox 575 3482 637 3557; x_wconf 88' lang='lat' dir='ltr'>C</span> <span class='ocrx_word' id='word_1_165' title='bbox 665 3482 738 3559; x_wconf 81' lang='lat' dir='ltr'>A</span> <span class='ocrx_word' id='word_1_166' title='bbox 767 3483 846 3557; x_wconf 90' lang='lat' dir='ltr'>P.</span> <span class='ocrx_word' id='word_1_167' title='bbox 923 3480 1090 3558; x_wconf 84' lang='lat' dir='ltr'><strong>VII.</strong></span> <span class='ocrx_word' id='word_1_168' title='bbox 1161 3479 1540 3579; x_wconf 82' lang='lat' dir='ltr'>(Scaligero</span> <span class='ocrx_word' id='word_1_169' title='bbox 1610 3476 1846 3555; x_wconf 86' lang='lat' dir='ltr'>adhuc</span> <span class='ocrx_word' id='word_1_170' title='bbox 1894 3476 2057 3578; x_wconf 87' lang='lat' dir='ltr'>VI.)</span> 
     </span>
    </p>

    <p class='ocr_par' dir='ltr' id='par_1_4' title="bbox 319 3613 2318 4125">
     <span class='ocr_line' id='line_1_24' title="bbox 357 3613 2309 3719; baseline -0.007 -22"><span class='ocrx_word' id='word_1_171' title='bbox 357 3688 368 3697; x_wconf 93' lang='lat'>.</span> <span class='ocrx_word' id='word_1_172' title='bbox 419 3618 780 3695; x_wconf 77' lang='lat' dir='ltr'>cuculum</span> <span class='ocrx_word' id='word_1_173' title='bbox 824 3638 1166 3719; x_wconf 86' lang='lat' dir='ltr'>putarunt</span> <span class='ocrx_word' id='word_1_174' title='bbox 1209 3613 1501 3717; x_wconf 84' lang='lat' dir='ltr'>quidam</span> <span class='ocrx_word' id='word_1_175' title='bbox 1546 3640 1631 3687; x_wconf 83' lang='lat' dir='ltr'>ex</span> <span class='ocrx_word' id='word_1_176' title='bbox 1673 3614 2002 3713; x_wconf 76' lang='lat' dir='ltr'>accipitre</span> <span class='ocrx_word' id='word_1_177' title='bbox 2041 3626 2309 3684; x_wconf 81' lang='lat' dir='ltr'>mutato</span> 
     </span>
     <span class='ocr_line' id='line_1_25' title="bbox 319 3745 2314 3854; baseline -0.006 -26"><span class='ocrx_word' id='word_1_178' title='bbox 319 3754 514 3843; x_wconf 85' lang='lat' dir='ltr'>fieri,</span> <span class='ocrx_word' id='word_1_179' title='bbox 567 3774 932 3851; x_wconf 84' lang='lat' dir='ltr'>propterea</span> <span class='ocrx_word' id='word_1_180' title='bbox 959 3752 1158 3854; x_wconf 89' lang='lat' dir='ltr'>quod</span> <span class='ocrx_word' id='word_1_181' title='bbox 1189 3752 1346 3846; x_wconf 88' lang='lat' dir='ltr'>ille,</span> <span class='ocrx_word' id='word_1_182' title='bbox 1417 3749 1535 3825; x_wconf 91' lang='lat' dir='ltr'>cni</span> <span class='ocrx_word' id='word_1_183' title='bbox 1566 3749 1820 3823; x_wconf 80' lang='lat' dir='ltr'>similis</span> <span class='ocrx_word' id='word_1_184' title='bbox 1852 3746 2005 3845; x_wconf 87' lang='lat' dir='ltr'>ipse</span> <span class='ocrx_word' id='word_1_185' title='bbox 2038 3745 2167 3840; x_wconf 80' lang='lat' dir='ltr'>sit,</span> <span class='ocrx_word' id='word_1_186' title='bbox 2230 3766 2314 3818; x_wconf 86' lang='lat' dir='ltr'>eo</span> 
     </span>
     <span class='ocr_line' id='line_1_26' title="bbox 319 3886 2317 3988; baseline -0.008 -24"><span class='ocrx_word' id='word_1_187' title='bbox 319 3912 638 3985; x_wconf 85' lang='lat' dir='ltr'>tempore</span> <span class='ocrx_word' id='word_1_188' title='bbox 666 3913 810 3961; x_wconf 85' lang='lat' dir='ltr'>non</span> <span class='ocrx_word' id='word_1_189' title='bbox 835 3911 1136 3988; x_wconf 83' lang='lat' dir='ltr'>apparet.</span> <span class='ocrx_word' id='word_1_190' title='bbox 1220 3888 1331 3965; x_wconf 87' lang='lat' dir='ltr'>Ac</span> <span class='ocrx_word' id='word_1_191' title='bbox 1357 3888 1505 3963; x_wconf 83' lang='lat' dir='ltr'>fere</span> <span class='ocrx_word' id='word_1_192' title='bbox 1534 3886 1840 3962; x_wconf 83' lang='lat' dir='ltr'>aliorum</span> <span class='ocrx_word' id='word_1_193' title='bbox 1864 3904 2165 3982; x_wconf 84' lang='lat' dir='ltr'>quoque</span> <span class='ocrx_word' id='word_1_194' title='bbox 2194 3904 2317 3951; x_wconf 90' lang='lat' dir='ltr'>ac-</span> 
     </span>
     <span class='ocr_line' id='line_1_27' title="bbox 320 4016 2318 4125; baseline -0.006 -26"><span class='ocrx_word' id='word_1_195' title='bbox 320 4023 661 4125; x_wconf 84' lang='lat' dir='ltr'>cipitrum</span> <span class='ocrx_word' id='word_1_196' title='bbox 702 4023 942 4099; x_wconf 80' lang='lat' dir='ltr'>nullus</span> <span class='ocrx_word' id='word_1_197' title='bbox 992 4025 1130 4097; x_wconf 89' lang='lat' dir='ltr'>nisi</span> <span class='ocrx_word' id='word_1_198' title='bbox 1173 4023 1416 4123; x_wconf 82' lang='lat' dir='ltr'>paucis</span> <span class='ocrx_word' id='word_1_199' title='bbox 1464 4020 1717 4095; x_wconf 83' lang='lat' dir='ltr'>diebus</span> <span class='ocrx_word' id='word_1_200' title='bbox 1767 4016 2087 4113; x_wconf 75' lang='lat' dir='ltr'>videtur,</span> <span class='ocrx_word' id='word_1_201' title='bbox 2154 4038 2318 4089; x_wconf 87' lang='lat' dir='ltr'>cum</span> 
     </span>
    </p>
   </div>
   <div class='ocr_carea' id='block_1_3' title="bbox 1368 4156 1541 4257">
    <p class='ocr_par' dir='ltr' id='par_1_5' title="bbox 1368 4156 1541 4257">
     <span class='ocr_line' id='line_1_28' title="bbox 1368 4156 1541 4257; baseline 0 0"><span class='ocrx_word' id='word_1_202' title='bbox 1368 4156 1541 4257; x_wconf 69' lang='lat'>92</span> 
     </span>
    </p>
   </div>
  </div>
 </body>
</html>
