2917 4959
586 444 723 512 2268
1180 433 1928 504 ARISTOTELIS

576 623 653 698 in
706 647 949 722 genere
990 617 1272 692 nullum
1319 618 1593 716 gregale
1637 621 1762 689 est.'
1859 615 1968 690 Ac
2015 639 2177 690 sane
2219 643 2374 694 vrsa
2407 617 2554 718 ipsa

578 759 783 832 enixa
829 754 1173 828 morosior
1214 775 1344 846 est,
1422 771 1492 824 et
1535 751 1728 822 canis
1771 751 2062 845 femina,
2151 753 2246 825 ob
2287 754 2560 824 catulos

574 913 859 989 vtraque
886 911 1065 961 suoe.
1168 889 1560 962 Efferantur
1589 884 1757 958 item
1785 885 2141 984 elephanti
2172 873 2560 960 coilurien-

575 1047 690 1097 tes.
798 1023 1035 1116 Quae,
1089 1043 1165 1096 vt
1200 1021 1431 1121 aiunt,
1483 1040 1721 1090 caussa
1745 1036 1900 1126 est,
1951 1045 2040 1092 ne
2080 1018 2244 1093 Indi
2273 1045 2390 1093 eos
2423 1018 2562 1089 ad·-

572 1160 849 1232 mittant
873 1223 881 1232 .
902 1156 1015 1230 ad.
1038 1155 1361 1230 feminas:
1428 1153 1508 1224 in
1555 1150 1893 1228 insaniam
1935 1153 2146 1224 enim·
2165 1173 2347 1225 actos
2387 1171 2560 1223 tunc

574 1313 885 1366 euertere
916 1317 1162 1364 eorum
1194 1313 1399 1380 casas,
1452 1286 1722 1385 quippe
1751 1271 1985 1358 minus
2027 1287 2282 1359 affabre
2313 1305 2561 1358 extru-

577 1449 758 1519 ctas;
815 1425 1085 1520 aliaque
1148 1422 1363 1494 multa
1406 1407 1858 1493 comrnittere.
1965 1407 2283 1493 Mitiores
2332 1441 2560 1492 tamen

578 1587 695 1634 eos
728 1557 922 1632 reddi
958 1555 1219 1653 pabulo
1248 1553 1583 1651 largiore3
1619 1553 1794 1651 quin
1823 1573 1889 1625 et
1921 1552 2240 1626 adductis
2270 1554 2425 1624 aliis
2451 1575 2562 1627 at-
2621 1559 2632 1582 “

576 1719 715 1790 qne
737 1690 941 1764 iussis
970 1687 1131 1760 illos
1162 1685 1467 1779 caedere,
1503 1707 1570 1759 et
1594 1686 2022 1760 vlciscuntur
2051 1708 2118 1761 et
2149 1673 2412 1760 seruire
2441 1713 2562 1760 co·

580 1847 771 1924 gunt.
876 1823 974 1896 At
1022 1848 1199 1921 quae
1250 1821 1623 1892 animantes
1662 1847 1862 1920 saepe
1911 1842 1978 1896 et
2016 1848 2168 1896 non
2203 1848 2342 1898 vno
2387 1841 2560 1894 stato

576 1981 828 2034 coeunt
858 1980 1208 2056 tempore,
1248 1953 1641 2030 cuiusmodi
1669 1979 1789 2029 eae
1819 1979 2010 2051 sunt,
2041 1985 2220 2055 quae
2248 1937 2561 2030 heminis

576 2095 909 2168 consortii
942 2092 1306 2192 participes
1338 2111 1532 2182 sunt,
1569 2115 1722 2164 sues
1749 2111 1816 2166 et
1843 2115 2040 2166 canes
2058 2093 2560 2186 ,¹minus‘oon-

574 2249 705 2298 stat
736 2228 877 2300 hoc
906 2253 1104 2323 agere
1134 2246 1421 2323 propter
1454 2224 1684 2298 coitus
1711 2227 2004 2326 copiamss
2105 2209 2432 2301 Coeundi
2462 2222 2562 2293 li—

572 2355 817 2428 bidine
842 2357 1311 2428 incenduntur
1343 2358 1524 2428 inter
1552 2359 1844 2434 feminas
1863 2389 2079 2462 equae
2096 2358 2562 2458 potissimum,'

572 2489 957 2566 secuudum
1006 2509 1235 2560 autem
1284 2513 1395 2558 eas
1434 2477 1706 2564 'vaccae
1809 2493 2031 2589 Igitur
2086 2519 2302 2594 equae
2353 2494 2560 2565 maris

574 2622 921 2698 desiderio
972 2621 1365 2694 insaniunt:
1414 2611 1614 2696 vnde‘
1647 2625 1853 2696 etiam
1897 2625 2140 2700 earum
2190 2641 2446 2702 nomen
2472 2627 2560 2699 ab

574 2787 715 2832 vno
762 2757 1045 2830 animali
1095 2756 1171 2827 in
1214 2782 1364 2850 eas,
1418 2785 1598 2856 quae
1639 2758 1941 2835 libidine
1970 2773 2282 2856 vrantur‚
2333 2760 2558 2834 male-

570 2891 765 2963 dicto
810 2891 1251 2964 transferunt.
1356 2892 1583 2966 Aiunt
1631 2895 1838 2969 etiam
1885 2871 2010 2995 per
2053 2897 2243 2970 idem
2285 2919 2558 2996 tempus

572 3044 779 3100 vento
811 3023 1133 3122 grauidas
1168 3027 1342 3097 fieri.
1450 3028 1612 3113 Qua
1642 3029 1729 3102 de
1761 3057 1996 3104 caussa
2027 3033 2104 3104 in
2133 3033 2338 3105 Creta
2369 3061 2562 3106 nun-

541 3185 791 3255 -quam
812 3179 1171 3256 segregant
1200 3187 1239 3230 a
1268 3159 1546 3230 feminis
1571 3161 2060 3240 admissariOS.·
2131 3167 2318 3237 Cum
2349 3167 2562 3262 igitur

572 3291 739 3389 equi
774 3291 1081 3363 absentia
1111 3291 1572 3386 solicitantur5
1623 3300 1890 3392 ceteris,
1945 3300 2211 3398 quaein
2243 3310 2556 3370 arment'o

571 3447 733 3498 sunt
749 3479 767 3516 ,
840 3423 1092 3496 relictis
1110 3480 1131 3518 ,
1202 3452 1412 3499 cursu
1471 3431 1744 3503 abeunt.
1846 3435 1966 3506 Est
2009 3451 2234 3503 autem
2281 3430 2553 3502 affectio

570 3559 649 3632 in
684 3559 1029 3658 equabus,
1081 3587 1294 3656 quam
1328 3561 1584 3637 Graeci
1617 3567 2074 3659 ἱππυμανεῖν
2105 3561 2352 3634 dicunt
2369 3617 2390 3656 ‚
2442 3564 2555 3634 la—

572 3692 717 3774 tine
764 3693 1198 3792 equifurere3
1250 3695 1448 3790 quod
1495 3698 1570 3771 in
1613 3701 1849 3772 suibus
1883 3673 2554 3792 ἱὶἀεώκαπρίζειν,

570 3855 701 3900 nos
748 3823 1054 3902 subare(
1117 3827 1265 3902 Vbi
1310 3853 1636 3924 currunt,
1675 3857 1904 3929 neque
1955 3858 2278 3906 auroram
2325 3855 2554 3928 neque

574 3961 1005 4040 occidentem
1026 4019 1047 4057 ‚
1096 3960 1221 4036 sed
1251 3985 1370 4036 aut
1401 3966 1896 4064 septentriones
1925 3987 2047 4039 aut
2079 3989 2390 4043 austrum
2421 3989 2552 4062 pe·-
