2917 4959
556 426 711 504 472·
1149 419 1432 486 mmm
1518 418 1932 480 nficmvs

562 592 742 651 nibus
778 593 972 652 causis
1010 601 1068 652 et
1096 591 1506 652 accidentibus
1529 588 1952 668 generationis.
2037 585 2312 668 Amplius
2337 595 2552 650 autem

564 693 923 756 mulieribus
948 693 1164 752 accidit
1187 689 1460 770 debilitas
1490 700 1632 768 post
1655 687 2062 768 pollutionem
2095 689 2346 764 somnii,
2385 689 2550 749 sicut

568 803 709 872 post
747 795 996 852 coitum:
1038 802 1099 852 et
1137 791 1272 849 ideo
1306 807 1550 866 sperma
1583 799 1674 848 est
1703 787 1866 866 quod
1896 787 2152 846 eiiciunt
2191 787 2352 868 apud
2381 809 2556 848 som-

568 891 767 968 nium,
804 893 956 952 sicut
976 891 1137 970 quod
1160 888 1414 947 eiiciunt
1438 888 1505 945 in
1539 887 1718 947 coitu.
1775 885 2176 964 Cognoscitur
2209 897 2410 946 autem
2433 887 2557 948 hoo

566 1001 727 1052 tactu
760 1002 820 1052 et
846 993 985 1053 visu
1004 1036 1023 1067 ,
1065 989 1355 1070 quoniam
1373 989 1548 1046 flocus
1577 985 1927 1064 genitalium
1957 985 2241 1044 humidus
2283 983 2551 1044 humore

567 1094 880 1170 spermatis
904 1103 1044 1172 post
1064 1077 1181 1150 tale
1210 1087 1512 1147 somnium
1547 1085 1876 1158 inuenitur,
1919 1093 1981 1144 et
2018 1093 2260 1164 oportet
2287 1093 2442 1144 tunc
2464 1084 2556 1143 vti

567 1185 665 1247 liis
690 1193 969 1250 tersoriis
988 1237 1004 1268 ‚
1032 1191 1252 1270 quibus
1276 1197 1528 1251 Vtuntur
1565 1186 1709 1244 illae
1725 1211 1764 1260 ,ο
1785 1203 1938 1261 quae
1971 1205 2104 1243 cum
2131 1181 2284 1242 viris
2313 1192 2552 1254 coeunt,
2593 1247 2604 1260 ἱ

568 1285 739 1366 (Cap.
758 1289 867 1364 vl,
896 1290 981 1371 3.)
1020 1291 1108 1350 Ex
1132 1289 1251 1348 hoc
1282 1291 1459 1348 etiam
1491 1291 1770 1374 apparet,
1807 1283 1972 1360 quod
2003 1293 2294 1360 vterque,
2335 1282 2554 1344 mulier

567 1387 861 1449 videlieet
884 1399 943 1450 et
968 1389 1082 1464 vir,
1107 1389 1273 1448 eiicit
1300 1405 1570 1466 sperma,
1614 1404 1741 1444 non
1767 1381 1834 1440 in
1859 1381 2236 1459 profundum
2267 1381 2553 1458 matricis,

571 1487 681 1546 sed
709 1497 851 1548 ante
882 1489 1181 1548 orificium
1206 1487 1421 1567 ipsius,
1469 1483 1634 1562 quod
1663 1480 1885 1542 deinde
1915 1480 2144 1540 matrix
2173 1480 2250 1540 ad
2278 1501 2343 1540 se
2373 1481 2557 1540 trahit

570 1603 690 1664 per
726 1591 966 1649 modum
995 1608 1178 1667 quem
1204 1605 1389 1665 supra
1414 1583 1698 1644 diximus.
1783 1578 2002 1638 Adhuc
2037 1590 2235 1666 autem
2265 1582 2554 1658 quaedam

568 1683 832 1746 feminae
879 1687 1263 1762 animalium,
1308 1705 1459 1763 quae
1509 1683 1616 1742 diu
1653 1701 1768 1740 vsu
1815 1679 1999 1738 maris
2043 1692 2398 1756 caruerunt,
2433 1681 2550 1742 ah·-

572 1785 818 1857 quando
880 1787 1133 1848 eiiciunt
1186 1784 1373 1846 simul
1426 1783 1690 1842 multum
1734 1778 2056 1840 humidum
2098 1783 2549 1859 spermaticum,
2578 1827 2592 1834 -

574 1882 740 1957 quod
775 1885 1011 1962 'paritur
1054 1890 1126 1948 ab
1170 1885 1350 1964 ipsis,
1392 1881 1550 1941 siout
1588 1900 1625 1937 a
1657 1878 1893 1959 gallinis
1937 1887 1998 1938 et
2027 1879 2162 1938 aliis
2195 1882 2406 1942 auibus
2437 1902 2556 1960 pa·-

572 1979 735 2040 ritur
780 2005 991 2045 ouum·
1016 1985 1201 2046 venti.
1288 1982 1600 2054 Quaedam
1647 1987 1848 2038 autem
1897 1979 2154 2038 feminae
2197 1979 2560 2042 animalium

572 2083 733 2142 nihil
762 2085 974 2146 talium
996 2087 1149 2160 (tale
1167 2083 1239 2162 ἲ)
1271 2101 1536 2160 vnquam
1562 2078 1850 2148 videntur
1887 2098 2098 2157 parere
2123 2088 2222 2136 aut
2249 2079 2552 2156 emittere,

570 2181 733 2242 sicut
762 2205 915 2263 equa
934 2197 994 2245 et
1026 2186 1175 2244 ouis.
1245 2180 1558 2260 Contingit
1591 2177 1770 2237 etiam
1799 2177 1920 2238 hoo
1943 2178 2078 2238 ideo
2095 2221 2112 2254 ,
2135 2177 2300 2258 quod
2325 2178 2560 2258 gallina.

574 2289 640 2338 et
664 2282 1013 2358 huiusmodi
1054 2303 1195 2342 aues
1232 2281 1484 2342 eiiciunt
1513 2299 1689 2338 suum
1725 2297 1968 2356 sperma
1992 2281 2058 2336 in
2086 2279 2396 2358 propriam
2425 2300 2564 2338 ma·-

574 2376 821 2452 uicem,
874 2392 932 2440 et
962 2383 1147 2444 simul
1178 2382 1377 2459 ipsum
1412 2379 1730 2441 continent
1759 2375 1826 2434 in
1853 2396 1924 2436 ea
1934 2421 1951 2451 ,
2001 2399 2074 2436 eo
2103 2379 2268 2456 quod
2293 2397 2418 2438 non
2444 2378 2564 2438 ha-

573 2476 723 2538 bent
752 2479 979 2540 collum
1014 2480 1310 2553 matricis,
1361 2478 1428 2536 in
1465 2477 1632 2554 quod
1661 2473 1908 2536 eiiciant
1939 2479 2172 2556 ipsum:
2213 2477 2381 2557 quod
2409 2497 2568 2538 eon-

574 2578 807 2655 veniat,
826 2589 893 2640 vt
918 2582 985 2640 in
1014 2580 1215 2657 ipsum
1245 2576 1522 2637 eiiciatur
1562 2595 1820 2655 sperma.
1889 2579 2062 2638 Aliae
2093 2587 2300 2640 autem·
2331 2580 2567 2640 anima-

572 2675 729 2738 lium
774 2681 1036 2742 seminae
1079 2677 1411 2758 proiiciunt
1457 2676 1523 2734 in
1563 2675 1784 2736 collum
1831 2695 1974 2738 suae
2023 2681 2325 2742 matricis:
2383 2691 2446 2740 et
2477 2702 2562 2742 ex

574 2775 689 2864 illo
730 2781 1043 2856 paullatim
1080 2777 1266 2838 effluit
1298 2787 1359 2836 et
1396 2795 1523 2836 non
1553 2785 1964 2856 congregatur.
2049 2778 2332 2860 Amplius
2361 2792 2560 2842 autem

574 2893 774 2934 mares
800 2879 1153 2938 animalium
1172 2920 1189 2950 ,
1234 2876 1478 2956 quando
1508 2896 1628 2934 non
1665 2877 1891 2936 habent
1915 2877 2234 2954 feminam,
2275 2901 2416 2940 cum
2443 2901 2565 2962 qua

580 2985 811 3050 coeant,
846 2989 906 3038 et
928 2989 1069 3038 sunt
1091 2980 1157 3038 in
1176 2980 1418 3038 feruore
1440 2975 1730 3048 libidinis,
1771 2995 1948 3056 saepe
1967 2965 2302 3055 pr'oiiciunt
2321 3001 2568 3060 sperma

581 3093 765 3152 super
794 3087 1051 3137 terram:
1093 3087 1153 3138 et
1182 3087 1381 3136 tamen
1410 3077 1568 3136 illud
1590 3096 1740 3134 vere
1769 3084 1861 3136 est
1885 3095 2138 3154 sperma.
2197 3079 2267 3138 ln
2295 3082 2566 3160 quadru-

578 3174 838 3251 pedibus
870 3177 1033 3236 enim
1064 3175 1311 3236 feminis
1340 3173 1656 3234 inuenitur
1687 3177 1857 3238 locus
1887 3179 2148 3238 coeundi
2171 3181 2562 3254 extrinsecus,

584 3271 687 3350 qui
712 3284 802 3332 est
832 3276 1046 3335 vulua:
1094 3288 1155 3335 et
1182 3275 1291 3334 ille
1318 3275 1484 3342 loeus
1517 3276 1890 3336 conueniens
1917 3287 2010 3338 est
2045 3279 2362 3358 spermatis
2387 3299 2566 3338 reee-

582 3372 806 3452 ptioni,
846 3385 907 3434 et
930 3377 997 3434 in
1022 3374 1198 3434 illum
1227 3373 1427 3432 locum
1457 3373 1626 3436 eiicit
1651 3396 1894 3456 sperma
1919 3399 2094 3438 suum
2119 3399 2275 3453 mas,
2319 3379 2570 3454 quando

586 3471 709 3532 ooit
736 3475 921 3536 simul
950 3486 1011 3537 et
1039 3474 1287 3536 femina.
1376 3471 1451 3532 Et
1477 3476 1618 3552 quia
1648 3479 2000 3556 frequenter
2023 3479 2088 3534 iu
2115 3477 2254 3536 loeo
2283 3476 2394 3534 illo
2417 3488 2574 3538 sunt

514 3565 529 3575 ’
586 3571 738 3633 aliae
778 3576 1195 3650 humiditatem
1251 3573 1389 3633 ideo
1428 3589 1734 3653 spermata
1767 3579 2114 3652 frequenter
2147 3573 2570 3638 admiscentur

588 3691 725 3732 cum
754 3677 871 3750 eis,
904 3677 991 3736 ita
1012 3675 1175 3755 quod
1194 3674 1522 3751 aliquando
1552 3676 1728 3734 etiam
1750 3683 1952 3733 natant
1977 3674 2040 3732 in
2069 3674 2265 3734 vrina.
2319 3673 2568 3736 Gallina

588 3781 789 3834 autem
827 3785 885 3835 et
916 3777 1069 3836 aliae
1096 3796 1234 3835 aues
1275 3775 1580 3854 recipiunt
1607 3782 1906 3852 spermata
1929 3771 1998 3832 in
2031 3775 2347 3836 matricem
2371 3795 2566 3849 suam,

592 3884 651 3934 et
684 3895 811 3933 non
844 3876 1071 3938 habent
1112 3875 1456 3937 huiusmodi
1493 3876 1627 3932 loca
1664 3882 1874 3934 extra:
1916 3884 1978 3934 et
2009 3885 2320 3954 receptum
2347 3878 2412 3936 in
2437 3898 2570 3938 ma-

586 3972 813 4036 tricem
850 3977 1229 4043 oalefaelunt.
1312 3975 1441 4038 Etsi
1473 3993 1714 4053 sperma
1745 3995 1830 4036 ex
1857 3984 2120 4056 vti-oque
2149 3976 2364 4054 fuerit,
2403 3997 2572 4040 mare
