2917 4959
424 467 730 542 Ams‘r.
781 467 911 536 DE
958 459 1370 534 AMMAL.
1420 459 1658 532 HIST.
1698 427 1896 535 'vm
1957 491 2018 537 1.
2115 469 2258 560 529

282 657 494 735 libus.
537 735 543 744 ,
590 649 757 728 Alia
786 670 1017 752 autem
1056 643 1391 722 differunt
1416 643 1892 746 proportione.
1985 650 2260 738 Quem-
2325 698 2365 740 2

288 785 675 864 admodum
709 786 897 862 enim
930 785 1009 856 in
1051 782 1341 857 homine
1382 809 1492 854 ars
1525 802 1594 856 et
1621 782 1956 882 sapientia
1987 805 2055 856 et
2082 813 2266 883 pru-

290 923 561 1020 dentia3
591 920 691 994 sic
714 921 919 994 etiam
948 917 1024 992 in
1052 915 1209 990 aliis
1238 916 1656 1024 animalibus
1686 938 1786 991 est
1813 918 2025 992 altera
2043 944 2268 1016 quae-

288 1060 453 1135 dam
499 1057 657 1132 talis
705 1052 1040 1128 naturalis
1088 1051 1219 1125 vis.
1318 1048 1815 1124 Planissimum
1861 1074 1960 1126 est
2002 1053 2144 1124 hoe
2189 1054 2266 1126 in

286 1219 678 1296 puerorum
712 1207 1003 1262 aetatem
1033 1182 1507 1256 intuentibus:
1557 1182 1636 1276 in
1664 1180 1794 1254 'his
1837 1185 2020 1258 enim
2069 1189 2268 1260 sutu-

291 1351 537 1399 rorum
582 1320 957 1395 habituum
1006 1317 1210 1419 quasi
1256 1315 1540 1416 vestigia
1595 1343 1674 1390 ae
1721 1316 1986 1390 semina
2032 1319 2276 1396 videre

290 1478 412 1534 est.
476 1456 708 1550 Nam,
754 1475 831 1532 vt
854 1455 948 1528 ita
976 1453 1246 1548 dicam,
1297 1453 1532 1530 nihilo
1558 1450 1794 1526 differt
1820 1481 1946 1552 per
1977 1451 2055 1526 id
2086 1475 2272 1528 tem-

290 1619 427 1694 pus
468 1591 760 1666 illorum
805 1589 1105 1690 pueritia
1148 1589 1237 1660 ab
1269 1587 1500 1660 anima
1529 1588 1926 1662 brutorum.
2033 1588 2275 1678 Quare

286 1753 439 1802 non
457 1724 545 1801 ab
563 1751 639 1800 re
662 1743 801 1817 est,
838 1723 898 1796 si
923 1721 1179 1822 partim
1196 1720 1457 1816 eadem,
1489 1723 1748 1822 partim
1773 1722 2028 1796 similia
2045 1777 2068 1816 ,
2096 1751 2278 1822 par·-

291 1861 427 1935 tim
455 1857 915 1959 proportione
944 1857 1185 1932 insunt
1213 1856 1367 1932 aliis
1402 1857 1841 1931 animalibus.
1925 1855 2047 1930 Sic
2079 1857 2274 1932 enim

296 1994 387 2068 ab
420 1992 750 2067 inanimis
782 1990 873 2066 ad
912 1992 1295 2066 animantes
1338 1991 1588 2066 transit
1617 2011 1865 2064 natura
1901 1989 2276 2088 paulatin&

294 2149 371 2206 vt
408 2128 488 2202 in
532 2125 1056 2203 continuatione
1103 2153 1353 2201 eorum
1392 2125 1702 2201 confinia
1745 2123 2116 2226 mediaque
2159 2127 2276 2202 la·-

294 2282 485 2338 teant
510 2263 737 2337 vtrius
772 2261 933 2334 sint.
1034 2259 1315 2334 Etenim
1340 2261 1428 2334 ab
1469 2258 2006 2332 inanimatorum
2035 2287 2277 2349 rerum

294 2421 549 2498 genere
606 2394 925 2494 primum
985 2415 1087 2468 est
1148 2393 1550 2494 plantarum
1613 2421 1848 2493 genus.
1951 2395 2274 2484 Quarum

292 2557 520 2608 vnum
560 2530 649 2603 ab
694 2527 911 2604 altero
945 2526 1181 2602 differt
1210 2555 1295 2604 eo
1310 2585 1333 2622 ,
1384 2526 1580 2634 quod
1622 2532 1784 2629 plus
1809 2527 2087 2607 videtur
2130 2557 2278 2606 esse

296 2664 477 2754 vitae
504 2662 872 2764 particeps.
938 2661 1375 2738 Vniuersum
1416 2687 1646 2738 autem
1675 2689 1894 2761 genus
1937 2663 2080 2736 hoc
2107 2692 2274 2738 cum

294 2798 539 2876 ceteris
568 2797 987 2897 corporibus
1014 2817 1498 2894 comparatum
1527 2795 1810 2874 videtur
1836 2797 1982 2870 fere
2011 2798 2285 2870 anima·-

294 2952 487 3006 tum:
534 2959 701 3005 eum
726 2930 1015 3006 animali
1042 2951 1271 3004 autem
1299 2930 1714 3006 inanimum.
1803 2929 1916 3005 Ac
1945 2933 2276 3008 transitus
2327 2952 2374 3016 3

298 3065 595 3140 illorum
622 3065 705 3137 in
730 3066 1055 3142 animalia
1076 3066 1455 3142 continuus
1483 3085 1622 3160 est,
1673 3063 2274 3165 quemadmodum

298 3198 499 3300 prius
558 3197 831 3276 dictum
888 3219 1005 3274 est.
1064 3273 1067 3276 ,
1110 3199 1480 3277 Nonnulla
1515 3199 1708 3274 enim
1749 3227 1929 3300 quae
1974 3201 2051 3275 in
2091 3203 2275 3278 mari

300 3333 561 3434 agitant
604 3333 947 3408 dubitarit
976 3333 1328 3436 quispiam
1375 3335 1728 3416 animalne
1766 3335 1909 3410 sint
1939 3363 2028 3410 an
2058 3339 2281 3436 plan-

300 3489 442 3540 tae:
475 3489 719 3568 agnata
752 3469 945 3543 enim
968 3467 1193 3545 humo
1220 3491 1415 3565 sunt,
1454 3491 1662 3570 atque
1693 3492 2011 3572 exempta
2045 3471 2282 3546 inter-

302 3623 471 3682 eunt
504 3631 751 3678 eorum
778 3603 1150 3706 pleraque:
1199 3606 1417 3683 veluti
1454 3605 1712 3705 pinnae
1743 3625 1989 3704 suapte
2023 3625 2281 3680 natura

304 3738 550 3810 affixae
582 3761 783 3811 sunt:
884 3740 1183 3840 digioelli
1216 3739 1576 3843 (solenes)
1605 3743 1848 3816 autem
1879 3738 2112 3812 auulsi
2141 3765 2281 3814 ne·-
2365 3773 2372 3781 ·

295 3889 571 3969 queunt
614 3870 871 3949 viuere.
976 3873 1293 3953 Omnino
1336 3903 1506 3954 vero
1547 3901 1766 3977 genus
1807 3878 2021 3950 om'ne
2061 3895 2276 3949 testa-

302 4032 589 4080 ecorum
630 4007 863 4084 simile
894 4007 1149 4108 plantis
1186 4031 1321 4107 est,
1368 4011 1431 4084 si
1477 4039 1642 4088 eum
1669 4006 2076 4111 gressilibus
2111 4010 2286 4104 ani-7
