2917 4959
710 483 853 548 DE
916 473 1401 550 ANIMAL.
1467 477 1743 546 matr.
1796 478 2140 571 12257..
2235 483 2376 550 455

352 695 363 722 ··
406 693 482 740 ea
530 663 887 738 abiiciunt.
1040 661 1273 738 vituli
1328 661 1550 758 igitur
1603 661 1910 735 anniculi
1957 683 2370 735 castrantur:

402 800 669 898 alioqui
761 799 1109 898 turpiores
1184 818 1251 870 et
1319 793 1642 868 minores
1700 791 2006 868 euadunt
2070 795 2368 867 iuuenci.

401 930 665 1006 Modus
704 927 1046 1004 castrandi
1088 931 1146 1000 is
1189 951 1304 1002 est.
1424 927 1774 1024 [Codices
1811 928 1962 996 sic:
2039 927 2366 1003 euadunt.

346 1121 353 1126 .
396 1063 687 1136 quenci
706 1084 933 1136 autem
948 1063 1042 1134 ita
1072 1066 1522 1146 castrantur-‚J
1587 1058 2062 1136 ·Reclinantos
2093 1084 2160 1136 et
2186 1089 2374 1136 scro-

400 1216 551 1267 tum
585 1194 965 1268 incidentes
991 1193 1323 1268 deorsum
1353 1211 1556 1263 testes
1583 1192 1994 1289 extringunt.
2096 1195 2374 1270 Deinde

400 1324 687 1420 radiceS‚
718 1327 1236 1424 quammaxime
1276 1333 1588 1423 possunt,
1621 1351 1899 1398 sursum
1927 1311 2380 1400 contrahuntss

399 1457 787 1533 Incisuram
844 1461 1033 1569 viliis
1094 1458 1383 1558 stipant,
1459 1481 1538 1531 vt
1597 1459 1817 1532 sanies
1895 1461 2081 1532 exire
2131 1458 2368 1558 possit.

400 1591 617 1678 Quod
662 1595 722 1666 si
766 1593 1325 1684 inflammentur,
1398 1615 1706 1666 scrotum
1754 1593 2132 1669 vstulantes
2197 1618 2376 1666 oon-

318 1699 329 1708 .
398 1737 744 1824 sptergunt.
846 1725 1069 1798 Tauri
1097 1723 1319 1796 adulti
1354 1723 1413 1795 si
1445 1748 1827 1801 castrentur
1848 1781 1869 1819 ,
1940 1747 2144 1824 atque
2175 1725 2374 1798 illico

402 1857 891 1944 admittantur,
938 1880 1232 1956 possunt
1260 1859 1479 1953 inire,
1529 1863 1870 1960 quantum
1908 1857 2200 1958 quidem
2239 1883 2376 1957 ap-

402 2015 611 2089 paret.
753 1994 1127 2082 Exsecatur
1177 1991 1385 2066 etiam
1426 1991 1645 2066 vulua
1691 1992 1985 2090 (capt-ia)
2031 1989 2384 2088 scropha-
2431 1997 2472 2055 4

402 2153 601 2221 rum,
652 2127 746 2198 ita
778 2147 851 2201 vt
880 2153 1024 2199 non
1072 2123 1375 2223 amplius
1416 2125 1604 2198 coire
1647 2152 1828 2224 opus
1865 2125 2202 2214 habeant,
2251 2121 2378 2196 sed

402 2258 601 2330 breui
646 2279 961 2356 tempore
1009 2257 1480 2355 pinguescant-
1613 2256 1837 2356 Igitur
1871 2255 2174 2330 biduum
2208 2283 2378 2328 cum

399 2389 775 2464 ieiunarint
790 2445 813 2484 ,
866 2415 1169 2488 appensa
1207 2390 1445 2489 pernis
1487 2391 1986 2490 posterioribus
2007 2446 2028 2483 ,
2101 2411 2376 2464 secatur

402 2551 681 2596 sumen:
734 2551 871 2623 qua
902 2523 1347 2622 potissimum
1374 2545 1571 2623 parte
1604 2525 1915 2597 maribus
1945 2544 2143 2596 testes
2192 2527 2380 2595 sunt.⁹

396 2655 512 2731 Ibi
558 2659 746 2732 enim
802 2657 1205 2732 matricibus
1260 2657 1506 2730 adnata
1555 2678 1656 2732 est
1695 2653 2042 2753 (adiacet)
2097 2657 2372 2754 capt-ia:

400 2795 622 2893 (apria
680 2769 1016 2886 Gaiaes)
1062 2789 1249 2865 vnde
1280 2793 1654 2891 paululum·
1679 2787 2161 2864 abscindentes-
2197 2815 2378 2863 oon-

298 2915 304 2920 ’
404 2950 635 3002 suunt.
741 2929 1145 3002 Casti-antur
1160 2925 1374 3014 etiam
1386 2924 1464 2997 in
1494 2951 1742 3022 genere
1757 2926 2186 2998 camelorum
2217 2925 2376 2997 foe-
2434 2929 2472 2992 ⁵

404 3061 669 3155 minae,
749 3088 914 3132 cum
962 3084 1203 3131 earum
1241 3083 1443 3134 vsum
1491 3057 1566 3130 in
1605 3059 1794 3134 bello
1836 3079 2210 3157 quaerunt,
2288 3083 2378 3133 ne

406 3215 855 3294 praegnantes
880 3195 1072 3266 fiant.
1174 3191 1436 3268 Earum
1450 3221 1829 3268 numerum
1861 3183 2219 3295 possident
2239 3188 2379 3262 ali-

405 3329 530 3426 qui
571 3329 648 3400 in
689 3325 861 3403 Asia
904 3321 1263 3422 superiore
1318 3313 1526 3402 etiam
1583 3325 1673 3400 ad
1752 3327 1970 3400 trium
2049 3323 2375 3399 mill-ium.

410 3461 725 3535 Cur-runt
774 3461 1003 3534 multo
1054 3459 1343 3533 celerius
1389 3487 1606 3560 quam
1655 3459 1730 3533 N
1734 3461 1899 3535 isaei
1945 3460 2151 3560 equi,
2254 3452 2380 3554 qui

407 3569 483 3669 in
516 3625 797 3670 cursum
828 3595 1205 3668 incitantur
1223 3579 1265 3688 ,⁸
1296 3614 1586 3694 propter
1613 3592 2168 3690 magnitudinem
2211 3613 2381 3684 pas-

410 3747 525 3801 sus
562 3730 1019 3825 porrectior-is.
1140 3725 1456 3800 Omnino
1503 3727 1830 3824 longiora
1866 3726 2050 3798 fiunt
2093 3739 2380 3794 castrata

411 3887 625 3957 quam
688 3887 832 3935 non
889 3883 1190 3937 castrata.
1328 3861 1549 3964 [Cap.
1589 3857 1904 3932 LXXX.
1955 3849 2376 3954 scaligero]
2435 3851 2478 3914 ὅ

413 3989 792 4087 Animalia,
842 3995 1099 4091 quibus
1132 3993 1489 4078 ruminare
1515 3992 1590 4066 in
1606 4017 1802 4068 more
1829 4013 1950 4085 est,
2001 3987 2382 4088 proficiunt
