2917 4959
700 444 842 513 DE
903 442 1376 528 ANIMAL
1445 446 1729 517 ffls'r.
1796 451 1851 517 1.
1911 456 2023 521 13.
2244 458 2335 529 55

337 620 747 699 -mediocres
784 648 958 697 vero
1005 621 1084 695 in
1113 650 1338 697 vnum·
1379 648 1651 702 coeunt.
1751 626 1843 703 Id
1887 631 2087 730 quod
2113 632 2187 708 in
2216 637 2337 735 pi-

355 758 584 830 scihus
639 758 946 855 apertius
1007 756 1436 855 agnoscitur:
1508 760 1559 833 ii
1620 780 1923 865 namque
1964 769 2345 865 propiores·
2425 840 2433 848 ,

355 893 868 985 cerebrosum,
921 920 1136 992 quam
1163 892 1416 991 magni.
1520 892 1806 971 Minimi
1836 918 2065 973 autem
2093 902 2335 999 pluri-

327 1054 546 1101 -mum
577 1026 918 1100 absistunt
939 1026 1029 1099 ab
1057 1051 1128 1098 se
1156 1025 1505 1121 inuicem,
1558 1055 1784 1129 neque
1806 1053 2077 1125 queunt.
2110 1032 2325 1135 [Cap.

341 1161 624 1235 xvm.
661 1158 1068 1258 scaligero]
1117 1158 1310 1237 Intra
1335 1160 1607 1234 conum
1639 1182 1705 1235 et
1736 1165 1893 1261 gun
1922 1187 2057 1258 est,
2110 1166 2317 1267 (qm
2387 1178 2425 1239 5
2462 1136 2491 1153 '

319 1292 542 1393 -quod
591 1313 770 1367 esset
790 1294 1110 1391 :oblonga
1154 1310 1363 1390 atque
1403 1314 1685 1391 angusta
1698 1348 1721 1388 ,
1772 1324 2025 1373 nomen
2059 1300 2329 1389 inuenit

335 1424 540 1527 apud
569 1425 870 1503 Graecos
883 1426 936 1523 ,)
981 1448 1050 1500 et
1089 1424 1358 1499 arteria.
1458 1423 1651 1503 Ante
1678 1430 1919 1527 gulam
1952 1453 2181 1510 autem
2204 1465 2325 1510 ar..

330 1562 508 1635 teria
551 1560 682 1634 sita
715 1581 812 1635 est
844 1556 1174 1633 omnibus
1205 1559 1655 1654 animalibus,
1710 1562 1967 1661 quibus
2002 1564 2161 1639 data
2190 1590 2321 1642 est:

325 1692 488 1769 data
533 1715 638 1769 est
679 1714 914 1768 autem
957 1692 1288 1768 omnihus
1303 1749 1326 1787 ,
1405 1694 1665 1793 quihus
1711 1716 1779 1769 et
1824 1697 2111 1795 pulmo.·
2196 1701 2319 1781 Est

325 1852 566 1905 autem
593 1827 838 1903 arteria
857 1826 1336 1927 cartilaginosa
1369 1848 1615 1901 natura
1631 1882 1652 1919 ,
1686 1848 1754 1901 et
1775 1831 2127 1924 sanguinis
2158 1836 2317 1915 exi,-

309 1964 494 2063 -gui‚
525 1954 1010 2065 frequentibus
1036 1960 1362 2035 tenuibus
1391 1961 1822 2037 circumdata
1851 1966 2143 2039 venulis.
2194 1966 2315 2044 Ad

301 2124 652 2198 superam
695 2118 966 2197 partem
1007 2124 1086 2171 os
1127 2122 1366 2171 versus
1407 2094 1634 2193 posita
1684 2088 1787 2171 est
1826 2124 1865 2170 e
1886 2100 2317 2175 foraminum

317 2232 610 2329 regione
628 2285 652 2323 ‚
700 2230 790 2301 de
813 2230 1104 2301 naribus
1135 2228 1224 2299 ad
1253 2255 1334 2301 os
1351 2230 1869 2325 ‘pertinentium
1884 2286 1905 2323 ‚
1956 2258 2094 2328 qua
2120 2253 2317 2329 parte

313 2364 470 2439 exit
513 2364 604 2437 ab
653 2386 776 2437 ore
814 2340 1080 2435 humor
1110 2385 1240 2459 per
1274 2384 1511 2452 nares,
1564 2360 1689 2459 qui
1719 2361 1899 2437 inter
1920 2364 2311 2441 bibendum

313 2524 406 2573 eo
431 2498 616 2573 forte
646 2518 968 2571 attractus
995 2491 1220 2566 fuerit.
1319 2492 1513 2565 Inter
1536 2492 1711 2569 haec
1734 2496 2075 2573 foramina
2106 2500 2299 2577 hunc
2366 2510 2409 2571 6

303 2630 412 2705 -ad
464 2660 672 2709 vsum
729 2630 942 2730 habet
983 2628 1322 2727 ligulam,
1401 2626 1855 2729 (epiglottin)
1896 2653 1989 2733 vtx
2019 2635 2312 2708 arteriae

305 2766 648 2841 ostiolum
665 2819 688 2859 ‚
737 2760 938 2864 quod
985 2762 1076 2835 ad.
1111 2787 1192 2835 os
1232 2780 1422 2861 patet
1435 2813 1456 2851 ,
1524 2763 1881 2859 applicatu
1921 2788 2052 2839 suo
2099 2787 2309 2865 queat

307 2898 608 2999 operire.
715 2898 912 2973 Huic
968 2896 1338 2969 coniuncta
1401 2915 1749 2992 postrema
1810 2897 2092 3018 linguae
2138 2928 2303 3000 pars

303 3053 445 3107 est:
497 3058 584 3105 ex
629 3032 842 3105 altera
875 3030 1172 3129 partein
1217 3025 1537 3103 medium
1558 3030 1917 3127 pulmonis
1946 3032 2298 3129 descendit

300 3166 588 3239 sinum:
634 3162 800 3237 inde
845 3164 922 3237 in
947 3166 1316 3262 Vtramque
1349 3162 1707 3259 pulmonis
1748 3162 2093 3239 scinditur
2122 3195 2293 3266 par-

305 3320 478 3373 tem.
583 3295 782 3369 Solet
809 3298 992 3369 enim
1016 3296 1376 3395 pulmonis
1405 3315 1655 3369 natura
1684 3294 2011 3392 bipartita
2037 3324 2177 3375 esse
2212 3302 2291 3381 in

301 3430 676 3522 omnibu&
747 3430 1020 3529 quihus
1083 3432 1278 3505 inest.
1386 3416 1717 3503 Ceterum
1777 3428 1855 3502 in
1908 3429 2029 3526 iis,
2110 3462 2289 3535 quae

303 3566 562 3643 animal
605 3564 894 3662 pariunt
908 3618 932 3657 ,
983 3562 1304 3639 distantia
1343 3563 1469 3637 illa
1500 3560 1693 3635 haud
1730 3586 1949 3662 aeque
1984 3568 2286 3641 manife-

299 3720 406 3781 sta
444 3718 576 3791 est,
627 3727 710 3773 ac
749 3699 1132 3775 minimum
1167 3724 1332 3775 vero
1365 3697 1440 3769 in
1481 3693 1767 3769 homine
1782 3748 1809 3789 ,
1854 3718 1931 3773 vt
1974 3700 2231 3797 quibus

299 3830 474 3903 dam
503 3832 756 3909 animal
783 3834 1298 3933 generantibm‚
1349 3829 1424 3903 in
1453 3854 1599 3929 quo
1620 3855 1851 3929 neque
1879 3828 2271 3905 multifidus

285 3990 534 4065 ,neque
576 3966 824 4061 laeuis,
917 3966 1040 4043 sed
1085 3964 1489 4065 inaequalis·
1576 3959 1837 4047 .Quae-
1860 3980 2091 4037 autem
2140 3992 2277 4043 oua
2337 3987 2375 4051 7

1375 4096 1434 4165 C
1490 4116 1531 4163 2
