2917 4959
627 496 770 565 DE
833 480 1311 565 ANIMAL.
1379 494 1663 567 HIST.
1716 496 1807 569 V.
1857 498 1927 568 5.
1981 505 2051 577 4.
2180 500 2315 595 177

341 681 742 779 etiam'quo
787 676 1058 753 meanis
1101 676 1428 779 coaptari
1449 664 1751 778 possint,
1808 678 1905 759 ''et
1946 712 2093 785 quo
2139 686 2319 763 inter

335 812 732 890 coeundum
771 810 1190 887 cohaereant
1205 868 1225 906 ,
1269 834 1346 890 vt
1392 815 1783 913 pastinacae
1828 817 2155 918 [nomen
2204 826 2317 895 υἰ-

310 926 604 1020 ’τίοειιηι
616 1000 640 1034 ,
693 947 978 1021 rubetae
1003 946 1394 1021 substituit
1427 952 1503 1021 C.
1528 950 1881 1053 Gesner-J
1914 974 1981 1029 et
2004 984 2213 1032 ranae
2226 945 2313 1034 et

329 1084 594 1184 reliqua
625 1108 878 1181 genera
909 1082 1276 1157 eiusmodi.
1295 1082 1572 1181 [Vulgo
1596 1084 1663 1158 ‘et
1680 1085 1927 1187 scalig.
1949 1090 2049 1163 Ca
2050 1119 2117 1191 p.
2134 1091 2307 1193 IV.]

325 1218 530 1306 Quae
555 1214 861 1317 pedibus
885 1236 1122 1287 carent
1151 1236 1220 1289 et
1242 1217 1452 1311 longa
1480 1236 1643 1288 sunt
1672 1218 1991 1295 animalia
2006 1278 2027 1315 ‚
2040 1247 2116 1298 vt
2144 1252 2297 1301 ser...
2351 1222 2403 1299 '2

321 1356 516 1449 pens'
548 1370 620 1423 et
647 1374 978 1422 muraena
996 1403 1017 1442 ,
1071 1348 1539 1448 circumplexa
1572 1348 1899 1425 aduersis'
1916 1356 2299 1432 ventribus:

323 1483 1018 1582 adeoque'serpentes
1048 1483 1577 1561 conuoluuntur
1620 1485 1798 1561 inter
1830 1515 1939 1580 se,
1994 1510 2067 1563 vt
2097 1493 2301 1566 vuius

322 1617 661 1717 serpentis
705 1615 944 1715 biceps
976 1642 1232 1715 corpus
1272 1637 1503 1691 totum
1528 1618 1861 1695 videatur.
1964 1622 2301 1699 Lacerta-

289 1766 480 1825 'rum
507 1750 741 1850 generi
771 1752 849 1823 in
878 1749 1197 1827 coeundo
1225 1749 1479 1826 modus
1510 1750 1695 1827 idem
1728 1754 2117 1857 similisque
2148 1758 2297 1833 cir-

311 1884 784 1985 cumplicatio.
1261 1956 1266 1959 ,
1980 1876 1983 1879 ’

513 2019 574 2093 C
599 2020 670 2092 A
705 2018 778 2092 P.
881 2019 1012 2093 IV.
1109 2020 1390 2121 [Vulgo
1446 2044 1515 2097 et
1556 2022 1909 2121 Scaligero
1958 2024 2093 2123 V.]

461 2152 692 2227 Pisces
740 2175 976 2227 autem
1018 2182 1262 2229 omnes
1291 2176 1565 2255 praeter
1595 2158 1771 2229 latos
1812 2156 2295 2255 cartilagineos

310 2285 616 2359 admotis
661 2288 848 2359 inter
885 2312 959 2357 se
986 2286 1345 2361 ventribus
1374 2292 1716 2387 peragunt
1758 2315 1925 2363 rem.
2026 2291 2129 2363 At
2165 2292 2293 2367 lati

307 2418 592 2495 enudati
609 2472 634 2506 ,
665 2440 741 2496 vt
775 2419 918 2493 raia
949 2419 1240 2518 (batos),
1274 2422 1621 2521 pastinaca
1650 2444 1717 2497 et
1746 2423 1888 2497 alia
1912 2425 2112 2531 talia,
2141 2454 2289 2547 non

309 2540 545 2628 solum
588 2574 840 2629 mutuo
893 2551 1212 2648 admotu,
1258 2554 1378 2629 sed
1427 2553 1637 2628 etiam
1682 2557 1965 2632 ineunte
2008 2588 2047 2633 a
2086 2536 2285 2661 tergo

307 2706 502 2763 mare
530 2684 860 2761 feminam
877 2740 900 2778 ‚
943 2686 1208 2785 quihus
1233 2688 1498 2763 scilieet
1528 2688 1861 2787 grandior
1888 2692 2157 2766 eauda
2138 2724 2284 2767 lm·-

302 2810 702 2922 pedimento
750 2849 899 2897 non
951 2842 1090 2895 est:
1169 2842 1240 2893 at
1281 2822 1543 2921 quibus
1584 2844 1717 2917 est,
1760 2824 1859 2901 'vt
1874 2826 2281 2925 ''squatinaffi

305 2958 558 3031 attritu·
595 2958 970 3058 perficiunt
985 3008 1009 3047 ,
1093 2955 1454 3030 ventribus
1521 2956 1703 3029 inter
1752 2982 1823 3031 se
1870 2956 2276 3035 commissis,
2360 2974 2375 2997 ‘

300 3091 663 3190 Sunt‘qui
712 3090 980 3185 dicant,
1031 3074 1182 3165 affle-
1225 3081 1819 3165 animaduertiase'
1840 3090 2281 3189 cartilaginea

302 3208 692 3325 quaedam,
719 3250 902 3323 quae
931 3250 1168 3298 auersa
1195 3226 1376 3299 inter
1405 3252 1479 3300 se
1508 3254 1761 3303 canum
1792 3240 1991 3300 more
2019 3218 2293 3301 cohaffi'

297 3378 550 3434 terent.
651 3340 1278 3455 Carfflagineorum
1321 3358 1621 3434 feminae
1662 3358 2069 3459 grandiores
2114 3382 2283 3435 sunt
2334 3398 2374 3441 2

297 3508 512 3594 q'uam
543 3511 806 3565 mares:
853 3488 1156 3590 id·quod
1189 3494 1330 3567 fere
1355 3495 1430 3566 in
1454 3494 1699 3567 ceteris
1731 3494 1936 3567 etiam
1966 3495 2278 3594 piscibus

295 3627 550 3700 euenit.
652 3614 876 3701 Porro
901 3614 1358 3724 ³cartilaginei
1387 3649 1553 3703 sunt
1584 3650 1735 3703 tum
1766 3628 1883 3721 hi,
1934 3649 2089 3703 tum
2108 3630 2276 3721 hos,

294 3759 542 3851 lamia,
583 3760 861 3858 aquila,
909 3744 1284 3858 torpedo,
1297 3788 1498 3858 rana,
1547 3786 1613 3841 et
1638 3762 2017 3837 mustelina
2030 3786 2280 3858 genera

295 3891 561 3967 omnia.
665 3888 978 3967 Omnes
957 3896 1052 3993 ngi
1061 3914 1178 3969 tur
1204 3894 1631 3997 cartilaginei
1662 3893 2077 3995 deprehensi
2118 3914 2281 3967 sunt

295 4056 336 4100 a
351 4028 610 4102 'multis
633 4025 764 4101 his
776 4048 1094 4103 coeunte·
1125 4027 1388 4104 modis:
1435 4027 1844 4104 diuturnior
1869 4025 2057 4100 enim
2076 4054 2279 4103 com·-

1413 4160 1499 4233 M
