2917 4959
580 452 776 537 ‚256
1195 530 1201 538 ⁸
1251 442 1996 514 ARISTOTELIS

626 638 903 711 foetura
933 632 1216 731 pariunt
1250 650 1459 729 atque
1493 626 1630 703 oua
1661 626 1916 720 edunt3
1947 645 2016 699 at
2043 634 2152 719 ea‚'
2175 654 2394 727 quam
2422 660 2625 707 acum

628 788 877 848 vocant
893 820 914 859 ‚
988 764 1313 839 instante·
1350 760 1670 862 pariendi
1723 781 2066 858 tempore,
2156 760 2626 866 dirumpitur3

624 924 829 999 atque
878 898 973 971 ita
1023 919 1277 973 exeunt
1324 924 1483 972 oua.
1585 894 1818 969 Habet
1865 892 2060 1003 enini
2122 893 2182 967 is
2233 896 2444 994 piscis
2495 903 2630 979 sub

622 1053 863 1109 ventre
912 1052 981 1105 et
1006 1033 1299 1107 ,sumine
1324 1030 1688 1130 (Codices
1717 1024 2061 1122 iocinore)
2103 1027 2356 1105 rimam
2392 1046 2634 1133 qma..

622 1165 783 1241 dam
804 1221 826 1260 ‚
880 1166 1103 1242 veluti
1154 1164 1482 1239 caeciliae
1527 1180 1889 1262 serpentes.
1991 1158 2092 1233 At
2137 1162 2262 1237 vbi
2309 1167 2586 1262 peperit
2603 1222 2630 1260 ,

638 1303 899 1377 vulnus
932 1326 1215 1373 rursum
1232 1300 1572 1375 coalescit.
1675 1292 1946 1371 Eodem
1973 1292 2190 1369 modo
2217 1318 2634 1393 generantur

628 1465 715 1511 ex
757 1462 898 1510 ouo
928 1434 1148 1533 pisces
1187 1432 1301 1508 vel
1324 1457 1515 1545 extra
1545 1432 1658 1507 vel
1695 1432 1882 1504 intus
1911 1433 2048 1505 oua'
2081 1432 2444 1539 parientes.
2545 1434 2630 1509 In

626 1595 905 1645 summo
942 1568 1133 1641 enim
1166 1568 1289 1642 oui
1323 1565 1566 1667 pullus
1611 1563 1838 1639 oritur
1854 1619 1875 1658 ,
1951 1586 2020 1639 et
2057 1565 2368 1641 ambitur
2397 1574 2630 1641 meni-

622 1706 882 1797 brana3
949 1722 1021 1775 et
1064 1701 1257 1777 oculi
1318 1699 1632 1799 primum
1677 1722 2016 1797 apparent
2061 1698 2356 1799 grandes
2416 1722 2630 1801 atque

622 1836 921 1937 globosi.
1027 1835 1263 1923 Quare
1310 1834 1758 1909 manifestum
1805 1855 1906 1907 est
1919 1814 1974 1927 ‚‘
2009 1830 2156 1909 non
2203 1831 2448 1911 eodem
2461 1887 2484 1928 ,
2517 1859 2632 1912 ,vt

626 1972 858 2065 aiunt,
890 1967 1107 2045 modo
1136 1970 1293 2045 fieri
1306 2026 1332 2064 ,
1362 1996 1507 2069 quo
1537 1968 1671 2067 qui
1685 1994 1724 2040 e
1751 1969 2156 2043 vermiculis
2183 1978 2634 2068 generantur:

630 2107 1001 2182 Contraria
1034 2103 1225 2178 enim
1252 2105 1329 2178 in
1356 2104 1500 2177 illis
1522 2104 1735 2196 ratio}
1782 2102 2110 2177 inferiora
2139 2104 2330 2177 enim
2357 2104 2634 2179 maiora

628 2245 869 2342 prius:
962 2261 1172 2339 caput
1221 2262 1454 2315 autem
1507 2252 1718 2339 atq'ue
1763 2238 1953 2335 oculi⁴
1999 2238 2359 2336 posterius.
2463 2237 2632 2313 Ab·

620 2395 861 2448 sumto
892 2396 1138 2449 autem.
1156 2403 1299 2449 ouo
1330 2375 1686 2473 accipiunt
1711 2373 1946 2475 gyrini
1977 2373 2264 2468 faciem3
2315 2402 2396 2447 ae
2424 2374 2632 2474 prin-

622 2508 817 2607 cipio
862 2506 1157 2607 quidem
1198 2508 1480 2581 nullum
1509 2508 1798 2605 capiunt
1826 2507 2068 2583 cibum
2081 2564 2104 2603 ‚
2155 2507 2282 2583 sed
2311 2530 2634 2585 crescunt

626 2640 883 2717 hausto
936 2642 1059 2717 oni
1102 2640 1425 2715 humore.
1529 2640 1772 2717 Postea
1816 2670 1984 2718 vero
2033 2645 2324 2721 aluntur
2338 2700 2361 2741 ,
2411 2674 2632 2746 Vsque

526 2774 532 2781 ’
630 2776 806 2851 dum
824 2777 1260 2851 excreuerint
1273 2830 1294 2870 ‚
1336 2776 1542 2877 aquis
1570 2776 1995 2851 fluuialibus.
2023 2845 2032 2855 .
2065 2780 2254 2857 Cum
2285 2800 2628 2878 purgatur

622 2910 893 2983 Pontus
908 2964 929 3003 ,
982 2911 1212 2986 fluitat
1254 2912 1566 2987 secundo
1611 2912 1790 2985 mari
1837 2911 1928 2989 ad
1969 2912 2510 3015 Hellespontum·
2549 2912 2630 2987 id

625 3044 825 3143 quod
864 3047 1218 3145 appellant
1258 3048 1513 3123 Graeci
1563 3048 1806 3121 fucum
1824 3101 1846 3140 ‚
1897 3074 2026 3123 nos
2057 3049 2302 3147 algam.
2409 3048 2630 3157 Color

624 3177 801 3252 huic
842 3180 1168 3278 pallidus.
1270 3180 1628 3256 Nonnulli
1669 3182 1864 3279 algae
1903 3186 2160 3259 florem
2185 3182 2434 3260 dicunt
2463 3194 2634 3277 esse,'

626 3340 713 3388 ex
738 3340 883 3411 quo
916 3315 1125 3389 etiam
1172 3315 1373 3389 fucus
1418 3318 1560 3391 fiat.
1613 3318 1646 3413 (
1659 3316 1835 3391 Alii
1875 3320 2186 3393 Codices
2213 3320 2323 3387 sic
2336 3341 2361 3385 .·
2409 3318 2488 3390 N
2485 3345 2632 3391 on-

549 3526 559 3533 ,
624 3449 817 3525 nulli
830 3448 1095 3543 dieunt,
1124 3452 1373 3525 fucum
1402 3476 1547 3527 esse
1579 3454 1828 3527 florem
1845 3455 2150 3550 aliquem
2181 3450 2632 3548 naturalem.)

623 3584 1203 3663 Ineunteaestate
1233 3590 1315 3662 fit
1353 3585 1529 3680 hoe,
1583 3616 1730 3687 quo
1765 3608 1830 3661 et
1863 3607 2126 3661 ostreae
2163 3603 2242 3661 et
2269 3581 2635 3682 pisciculi,”

626 3744 707 3795 ea
732 3721 887 3796 loca
914 3722 1040 3821 qui
1070 3722 1347 3817 colunt,
1378 3724 1674 3797 alantur.
1741 3719 1959 3795 Maris
1991 3720 2266 3796 accolae
2293 3719 2628 3793 nonnulli

626 3854 839 3929 etiam
922 3884 1313 3957 purpuram
1386 3883 1596 3931 snum
1677 3859 1766 3931 ab
1829 3853 1973 3933 hoc
2020 3858 2302 3933 florem
2363 3852 2624 3931 habere

624 3988 929 4066 tradunt.
