2917 4959
689 458 828 526 DE
904 424 1392 528 ANIMAL.
1472 454 1750 523 HIST.
1816 458 1867 529 1.
1924 483 1980 529 ι.
2262 472 2307 539 5

351 636 512 713 'dam
552 641 738 713 enim
781 642 1008 715 calcar
1053 633 1352 730 hahent,
1433 667 1579 738 quo
1624 662 1881 714 caetera
1921 668 2179 719 carent:
2240 670 2307 721 et

349 773 766 873 quibusdam
813 778 1020 849 crista
1071 795 1206 868 est3
1293 773 1442 846 aliis
1498 800 1640 849 non
1700 777 1882 849 item.
2004 774 2308 871 Verum,

342 934 562 1005 paene
613 906 946 1001 dixerim,
1014 911 1358 1007 plurimae
1407 932 1667 1009 partes,
1742 937 1827 1025 ex
1870 909 2124 1008 quibus
2169 932 2312 985 tota

325 1062 604 1115 constat
641 1044 1082 1141 magnitud0‚
1136 1066 1250 1116 aut
1299 1041 1577 1117 eaedem
1611 1066 1805 1137 sunt,
1863 1066 1981 1117 aut
2026 1066 2261 1117 contra
2274 1084 2310 1100 ›-

341 1175 610 1249 riorum
639 1176 970 1251 differunt
1001 1178 1299 1269 ratione,
1351 1198 1419 1250 et
1449 1174 1827 1249 secundum
1848 1203 2195 1251 excessum
2224 1210 2301 1253 ac

335 1308 706 1402 defectum.
799 1312 963 1383 Hoc
1005 1313 1196 1383 enim
1231 1308 1420 1407 quod
1456 1330 1553 1381 est
1590 1310 1747 1407 plus
1784 1331 1853 1381 et
1888 1312 2155 1404 minus,
2209 1314 2297 1385 ad
2340 1316 2347 1323 ’

335 1468 690 1515 excessum
721 1431 1198 1541 defectumque
1226 1442 1477 1515 referre
1494 1445 1710 1541 possit
1736 1444 2005 1543 aliquis.
2058 1446 2291 1530 Quae·
2350 1453 2391 1508 ’ὲ

333 1572 496 1647 dam
536 1596 762 1649 autem
805 1577 1208 1651 animalium
1249 1599 1475 1677 partes
1512 1604 1739 1677 neque
1766 1579 1993 1676 specie
2014 1578 2289 1653 eaedem

327 1730 490 1780 sunt
503 1764 524 1800 ,
557 1736 782 1808 neque
810 1710 1192 1786 secundum
1225 1737 1573 1786 excessum
1606 1734 1724 1786 aut
1757 1713 2130 1805 defectum,
2169 1712 2287 1791 sed

325 1844 784 1939 proportione
827 1844 1144 1945 quadam.
1256 1846 1865 1935 Quemadmodum
1906 1850 1965 1921 si
2011 1848 2283 1947 spinam

327 2010 490 2055 cum
545 2012 723 2079 osse,
776 2002 896 2057 aut
939 2006 1254 2083 vnguem‚
1285 2008 1444 2055 cum
1494 1986 1782 2083 vagula,
1834 2003 1951 2057 aut
1997 2010 2281 2055 manum

305 2144 485 2190 cum
516 2118 804 2217 forcipe,
847 2138 961 2191 aut
987 2142 1286 2215 pennam
1315 2143 1479 2189 cum
1509 2144 1864 2217 squamma
1892 2142 2276 2213 compares:

307 2249 522 2345 qnod
561 2251 754 2319 enim
783 2252 862 2319 in
895 2274 1036 2322 ‚aue
1079 2234 1348 2341 pennass
1396 2248 1547 2319 hoe·
1572 2251 1649 2319 in
1686 2251 1871 2345 pisce
1904 2248 2285 2345 squammass’

305 2378 447 2451 ·Ad
487 2378 686 2449 hunc
721 2377 930 2475 igitur
971 2375 1264 2449 modum
1297 2378 1615 2451 animalia
1650 2379 2025 2452 secundum
2058 2402 2277 2478 partes

316 2534 436 2587 aut
478 2510 718 2585 eadem
764 2532 882 2583 aut
928 2509 1198 2582 diuersa
1248 2510 1728 2607 intelligimus:
1780 2526 2121 2609 praeterea
2166 2534 2275 2586 et-

317 2648 459 2719 iam
503 2647 640 2719 situ
679 2646 1002 2745 partium.
1071 2722 1086 2743 ,
1107 2644 1286 2717 Sunt
1331 2645 1521 2717 enim
1563 2644 1967 2719 animalium
2010 2648 2227 2718 multa
2247 2696 2271 2735 ‚

215 2880 224 2888 .
316 2807 492 2879 quae
533 2780 800 2853 tametsi
841 2798 1064 2878 partes
1089 2776 1359 2865 easdem
1382 2776 1671 2869 habent,
1722 2804 1869 2850 non
1894 2798 2123 2849 tamen
2150 2804 2271 2849 ea·-

311 2912 476 2987 dem
508 2916 666 3015 sitas
691 2916 987 2990 ratione:
1019 2912 1366 3013 siquidem
1386 2937 1715 2986 mammas
1730 2912 1859 2983 alia
1878 2913 1951 2985 in
1972 2920 2275 3011 pectore,'

314 3050 447 3120 alia
473 3049 729 3122 hahent
749 3047 838 3121 ad
868 3048 1140 3119 semina.
1218 3047 1717 3120 Particulamm
1742 3067 1969 3119 autem
1994 3048 2270 3135 intense
2323 3062 2361 3123 5

314 3181 654 3253 similium
685 3184 855 3256 aliae
885 3201 1045 3253 sunt
1073 3181 1318 3253 molles
1347 3200 1414 3253 et
1443 3178 1807 3254 humidae:
1859 3180 2029 3251 aliae
2051 3180 2267 3253 siccae

311 3336 380 3388 et
411 3312 648 3387 durae.
713 3314 944 3412 Atque
970 3313 1305 3387 humidae
1335 3302 1623 3414 Iluidem
1652 3335 1767 3387 aut
1794 3312 2104 3405 omnine,
2146 3332 2263 3386 aut

309 3448 648 3547 quamdiu
709 3444 1038 3521 'naturam
1111 3474 1306 3521 suam
1381 3450 1696 3521 obtinent
1709 3503 1730 3540 ,
1798 3469 1871 3524 vt
1950 3448 2221 3545 sanguis
2236 3466 2265 3537 ,‘

307 3608 517 3657 cruor
536 3638 558 3674 ‚
633 3580 838 3681 adeps
856 3638 877 3675 ,
967 3608 1236 3676 senum,
1301 3580 1639 3675 medulla,
1708 3583 2013 3679 genitura
2033 3635 2057 3672 ‚
2130 3580 2260 3667 fel,

307 3714 418 3785 lac
432 3770 452 3805 ‚
485 3716 560 3786 in
590 3718 845 3815 quibus
877 3716 1429 3814 comperiuntur-3
1462 3718 1629 3791 item
1659 3742 1821 3789 caro
1852 3735 1919 3787 et
1942 3742 2019 3787 ea
2034 3769 2053 3805 ,
2082 3734 2261 3807 quae

310 3846 574 3919 horum
605 3872 982 3948 sequuntur
1015 3849 1571 3949 proportionem:
1622 3842 1964 3944 praeterea
1990 3847 2120 3918 alia
2142 3870 2258 3916 ra-

311 3980 510 4057 tione
555 4005 1002 4087 excrementa,
1071 3984 1294 4085 qualis
1337 4002 1436 4057 est
1479 4005 1755 4078 mucus,
1808 3978 2169 4079 (phlegma
2188 3978 2259 4074 ,)
2336 4028 2345 4041 -
