2917 4959
662 395 803 540 5⁸70
1274 431 2056 531 Alus'ro‘rnms

861 627 921 700 C
968 621 1037 696 A
1090 617 1165 691 P.
1271 613 1590 690 XXVII.
1709 617 1968 714 (vulgo
2069 617 2426 693 XXVIII.

1156 809 1171 818 .
1210 749 1566 847 Scaligero
1663 750 2060 841 XXXIII.)

761 887 1077 965 Omnino
1128 909 1297 960 vero
1364 884 1689 959 locorum
1751 882 2018 956 ratione
2059 881 2358 960 diuersis
2400 885 2627 961 modis

658 1051 801 1101 sese
835 1021 1097 1097 habent
1126 1018 1472 1094 animalia.
1542 1017 1736 1092 Nam
1761 1016 1960 1089 sicuti
1993 1017 2254 1090 alicubi
2283 1019 2630 1120 quaedam

658 1183 945 1262 prorsus
996 1183 1143 1230 non
1188 1175 1601 1248 nascuntur,
1663 1151 1766 1226 sic
1805 1151 1982 1226 alibi
2021 1173 2400 1227 nascuntur
2445 1182 2636 1248 sane,

660 1301 780 1370 sed
814 1290 1143 1394 pauciora·
1158 1343 1180 1384 ‚
1212 1313 1533 1388 quaeque
1571 1313 1700 1360 nec
1727 1284 1854 1359 diu
1883 1285 2125 1362 vitiant
2139 1340 2162 1379 ,
2195 1315 2428 1387 neque
2458 1291 2634 1362 bene

663 1429 954 1504 valeant.
1054 1422 1167 1497 Ac
1198 1449 1360 1497 sane
1407 1421 1618 1495 etiam
1653 1420 2073 1519 propinquis
2114 1421 2194 1495 in
2237 1423 2635 1522 regionibus

664 1560 1055 1635 differentia
1102 1559 1271 1630 haec
1300 1577 1421 1629 est.
1523 1557 1714 1630 Nam
1753 1555 1828 1628 in
1858 1575 2078 1628 terrae
2107 1557 2424 1630 Milesiae
2457 1559 2634 1633 vici-

661 1693 769 1768 nis
802 1694 983 1766 inter
1012 1716 1084 1763 se
1109 1688 1287 1764 locis
1310 1665 1687 1788 gignuntur
1713 1686 1990 1764 cicadae
2003 1744 2024 1782 ‚
2060 1711 2128 1762 et
2155 1717 2298 1765 non
2319 1691 2630 1790 gignun-

648 1849 796 1924 ‚tur-
896 1827 991 1901 Et
1029 1826 1105 1897 in
1135 1823 1561 1924 Cephalania
1597 1823 1824 1898 fluuio
1853 1821 2459 1917 disterminantur,
2504 1824 2628 1900 vbi

671 1960 945 2036 cicadae
976 1962 1089 2036 vel
1128 1980 1498 2033 nascantur
1542 1957 1656 2033 vel
1687 1985 1850 2032 non.
1951 1955 2040 2031 In
2064 1958 2478 2033 Poroselene
2511 1959 2630 2032 di·-

660 2093 1016 2171 rimuntu'r
1055 2095 1307 2169 itinere
1347 2095 1541 2187 loca,
1605 2091 1684 2164 in
1727 2119 2031 2192 quorum
2071 2093 2285 2167 altero
2327 2095 2628 2169 mustela

696 2233 875 2331 gale)
908 2231 1033 2325 sit,
1064 2232 1141 2304 in
1168 2229 1383 2305 altero
1412 2257 1558 2304 non
1589 2229 1699 2301 sit.
1766 2226 1854 2300 In
1882 2225 2172 2302 Boeotia
2195 2228 2424 2327 talpae
2445 2228 2630 2300 circa

658 2364 1191 2436 Orchomenum
1216 2365 1478 2438 multae
1505 2384 1706 2458 sunt3
1737 2361 1814 2435 in
1827 2361 2176 2435 Lebadica
2205 2361 2436 2438 vicina
2455 2364 2626 2436 nul-

660 2499 802 2570 lae:
836 2506 1077 2596 neque
1094 2500 1153 2570 si
1186 2499 1677 2594 imponentur,
1707 2497 1956 2573 volunt
1993 2493 2252 2572 fodere.
2315 2495 2404 2570 In
2421 2494 2624 2569 Itha-

658 2655 815 2703 cam
860 2630 1132 2730 lepores
1170 2629 1231 2702 si
1273 2629 1433 2729 quis
1478 2629 1786 2703 atmlerit
1817 2651 2030 2729 atque
2063 2628 2438 2722 dimiserit,
2489 2657 2622 2703 ne-

660 2786 927 2862 queunt
956 2767 1228 2860 viuere3
1264 2764 1385 2838 sed
1416 2765 1684 2841 mortni
1717 2765 2160 2864 reperiuntur
2191 2767 2381 2840 iuxta
2407 2791 2620 2858 mare,

658 2897 919 2968 reuersi
952 2923 1104 2970 eam
1130 2898 1206 2972 in
1242 2921 1546 2998 partem,
1597 2911 1738 2999 qua
1767 2899 2026 2972 fuerint
2057 2901 2434 2998 importati.
2529 2901 2617 2998 In

653 3027 894 3103 Sicilia
950 3027 1095 3106 non
1156 3055 1317 3106 sunt
1370 3033 1451 3106 hi
1454 3059 2012 3136 ppomyrmeces3
2107 3034 2196 3108 In
2243 3034 2621 3136 Cyrenensi

653 3189 819 3264 agro
846 3169 1117 3242 vocales
1159 3173 1365 3242 ranae
1402 3167 1578 3242 olim
1607 3193 1752 3241 non
1787 3167 2002 3242 fuere.
2104 3169 2480 3270 Nusquam
2503 3173 2618 3246 lo-

652 3323 900 3373 corum
942 3301 1017 3375 in
1048 3301 1290 3376 Africa
1328 3328 1580 3402 aprum
1619 3302 1972 3397 inuenies,
2023 3332 2248 3404 neque
2293 3333 2617 3400 ceruum,

652 3462 879 3535 neque
918 3437 1137 3511 feram
1180 3463 1482 3539 capram.
1581 3437 1671 3512 In
1699 3435 1904 3511 India
1933 3437 2188 3510 Ctesias
2206 3493 2227 3531 ‚
2291 3439 2618 3536 indignus

654 3570 769 3642 cui
812 3567 1023 3646 fidem
1063 3571 1482 3658 habeamus,
1531 3593 1733 3671 negat
1759 3599 1900 3650 esse
1937 3599 2136 3644 suem
2165 3573 2280 3648 vel
2309 3573 2618 3648 cicnrem

653 3706 763 3780 vel
808 3707 1053 3781 ferum.
1154 3704 1513 3781 Animalia
1555 3735 1756 3802 vero,
1809 3735 1986 3808 quae
2033 3709 2366 3808 sanguine
2411 3709 2616 3784 nullo

654 3863 973 3914 concreta
1016 3863 1211 3936 sunt,
1264 3862 1331 3916 et
1374 3844 1612 3918 omnia
1659 3871 1836 3947 quae
1878 3845 2186 3940 latitant,
2233 3845 2611 3944 (Scaliger

654 3991 906 4047 terram
926 3975 1280 4075 subeunt,)
1304 3979 1784 4078 magnitudine
1801 4007 1942 4054 esse
1959 3980 2233 4078 insigni.
2284 3981 2371 4054 In
2389 3982 2608 4056 Ponto
