2917 4959
578 459 725 528 422
1190 439 1963 516 ARISTOTELIS

489 665 559 711 u
583 631 878 732 ligero.)
908 628 1125 722 Quod
1156 649 1389 704 autem
1422 625 1772 700 bimatum
1807 651 1955 700 non
1989 625 2352 724 expleant,
2403 621 2573 700 inde

580 771 863 871 eupiunt
926 783 1434 864 argumentum.
1537 759 1730 834 Nam
1795 781 2170 862 postquam
2233 759 2574 862 polypuli
2609 810 2616 820 -

578 905 718 982 orti
749 921 945 994 sunt,
996 919 1152 970 tum
1178 897 1257 970 in
1288 903 1541 968 aestate
1569 915 1724 968 tum
1751 896 1885 968 sub
1921 915 2348 970 autumnum
2377 891 2578 968 haud

578 1039 783 1114 facile
815 1031 1137 1110 inuenies
1178 1031 1535 1138 pplypum
1579 1028 1931 1127 grandem.
2033 1027 2134 1102 At
2161 1031 2379 1126 paulo
2415 1050 2580 1102 ante

566 1159 660 1246 ⁴id,
690 1191 970 1270 tempus
996 1165 1291 1254 maximi
1320 1184 1486 1237 sunt
1511 1161 1784 1266 polypi.
1837 1162 1988 1238 Vbi
2017 1161 2232 1259 igitur
2259 1189 2398 1237 oua
2431 1162 2584 1246 edi..

582 1305 819 1381 derint
832 1360 854 1398 ,
904 1303 1007 1376 sic
1026 1325 1393 1374 canescere
1428 1319 1636 1398 atque
1667 1295 2026 1370 debilitari
2053 1317 2432 1396 Vtrumque
2457 1325 2580 1370 au-

582 1459 859 1515 tumant
874 1491 897 1532 ,
946 1457 1021 1512 vt
1050 1436 1262 1508 etiam
1293 1460 1333 1505 a
1362 1432 1718 1531 pisciculis
1749 1432 2170 1526 exedantur3
2249 1433 2581 1532 perfacile

584 1599 875 1676 quoque
906 1568 1215 1646 abstrahi
1245 1595 1285 1640 a
1318 1567 1678 1642 cubilibus
1712 1568 2000 1668 possint.
2055 1565 2248 1640 Ante
2281 1565 2361 1640 id
2393 1588 2580 1640 tem-

582 1737 721 1813 pus
768 1706 957 1782 nihil
1002 1705 1160 1779 tale.
1260 1699 1384 1776 Ad
1430 1701 1610 1776 haec
1657 1703 1994 1803 paruulos
2045 1721 2115 1776 et
2166 1699 2580 1782 iuuenculos

582 1845 931 1944 polypos,
978 1859 1357 1939 postquam
1404 1837 1542 1911 orti
1575 1858 1737 1914 sunt
1755 1887 1780 1928 ,
1831 1835 2018 1911 nihil
2055 1836 2196 1910 tale
2223 1834 2404 1933 pati,
2458 1831 2584 1906 sed
2719 1854 2722 1863 ·

586 1974 965 2052 validiores
1011 1995 1183 2048 natu
1228 1971 1628 2072 grandibus.
1729 1971 1844 2046 Ac
1891 1997 1984 2046 ne
2031 1970 2256 2071 sepiae
2285 1967 2586 2067 quidem

474 2204 489 2212 ·
589 2109 961 2187 biennium
998 2107 1269 2184 viuunt.
1374 2105 1464 2180 In
1492 2109 1758 2182 siecum
1786 2110 1976 2184 solus
2007 2133 2046 2180 e
2071 2102 2583 2178 mollusconm

590 2269 840 2344 genere
892 2243 1033 2317 exit
1081 2243 1409 2344 polypus,
1513 2240 1785 2318 Incedit
1843 2271 1971 2342 per
2019 2267 2256 2340 aspera
2272 2292 2294 2333 ,
2355 2237 2587 2312 laeuia

586 2377 781 2453 vitat.
868 2375 1119 2450 Cetero
1152 2400 1447 2473 corpore
1470 2374 1790 2450 validum
1819 2379 2082 2452 animal
2115 2396 2248 2452 est:
2299 2395 2370 2448 at
2395 2377 2588 2450 cono

454 2573 457 2580 .
588 2511 953 2588 imbecillo
966 2563 991 2603 ‚
1054 2507 1114 2581 si
1158 2527 1539 2606 prematur.
1643 2510 2164 2587 Molluseonnn
2207 2511 2428 2610 igitur
2479 2537 2588 2584 res

498 2671 576 2718 12
592 2644 695 2719 sic
721 2643 1055 2718 sehabet.
1088 2642 1296 2742 [Cap.
1314 2639 1476 2716 ῙιΧ.
1506 2643 1920 2746 scaligero]
1957 2645 2000 2688 *
2032 2647 2076 2690 *
2109 2645 2152 2692 ¹*
2183 2645 2228 2690 *
2263 2643 2586 2718 Produnt

591 2779 885 2878 quidam
925 2778 1228 2852 conchas
1272 2798 1514 2854 tenues
1563 2802 1632 2855 et
1661 2807 1932 2881 asperas
1967 2781 2103 2857 sibi
2143 2781 2316 2882 ipsis
2341 2777 2596 2853 obdu--

590 2937 750 2986 cere
790 2912 993 3012 quasi
1038 2911 1331 2985 loricam
1372 2911 1630 2987 duram
1646 2971 1670 3009 ,
1765 2945 2093 3018 eamque,
2177 2943 2344 2991 cum
2393 2916 2584 3014 ipsae

590 3069 949 3142 creseunt,
998 3047 1444 3146 ampliorem:
1545 3075 1628 3142 ex
1657 3077 1798 3148 qua
1837 3073 2082 3126 exeant
2111 3053 2318 3153 quasi
2355 3079 2440 3126 ex
2471 3050 2587 3124 la·-

593 3174 821 3251 tibulo
846 3180 1157 3280 quodam
1180 3203 1301 3256 aut
1324 3181 1709 3260 domicilio.
1727 3183 1933 3286 [Cap.
1950 3185 2150 3261 LXI.
2169 3183 2584 3285 scaligero]

592 3307 721 3389 Est
748 3311 957 3388 etiam
1001 3319 1305 3418 polypus
1352 3317 1660 3392 nautilus
1699 3341 1854 3395 tum
1892 3344 2136 3398 natura
2167 3303 2323 3394 tum
2355 3320 2586 3394 aetio-

592 3441 805 3518 nibus
830 3447 974 3520 suis
1000 3448 1393 3548 singularis,
1495 3454 1604 3528 Ex
1637 3455 1784 3530 imo
1822 3457 2014 3529 enim
2039 3453 2264 3528 fundo
2285 3455 2580 3527 efferens

594 3603 739 3655 sese
782 3609 1147 3658 summum
1192 3613 1385 3662 mare
1432 3593 1732 3690 nauigat.
1830 3589 1996 3664 Exit
2035 3607 2268 3662 autem
2299 3588 2586 3666 inuersa

594 3715 769 3788 tessta
786 3771 808 3812 ,
860 3740 937 3796 vt
982 3717 1258 3794 facilius
1298 3747 1600 3825 emergat
1641 3747 1710 3801 et
1739 3724 1934 3800 inani
1969 3723 2288 3823 naniget:
2339 3751 2583 3824 quam,

595 3850 719 3926 vbi
746 3853 824 3926 in
852 3881 1131 3930 summo
1160 3863 1462 3958 'aequore
1489 3883 1591 3936 est
1608 3917 1630 3955 ,
1681 3862 2052 3937 conuertit.
2137 3859 2374 3936 Habet
2400 3861 2584 3933 inter

595 3981 887 4062 brachia
932 3988 1176 4094 [duo]
1208 3992 1552 4095 quiddam
1597 4017 2004 4074 contextum
2019 4051 2041 4090 ,
2092 3994 2322 4072 simile
2351 4023 2580 4072 mem-
