2917 4959
647 502 734 553 υ
977 506 988 517 ·
1215 470 1987 545 -ARISTOTELIS

637 661 1076 748 adulatrices3
1113 677 1190 731 vt
1217 658 1436 730 canis:
1490 656 1661 729 aliae
1687 658 1886 730 mites
1914 684 1993 729 ac
2018 658 2591 749 mansuescihiles'g

637 820 710 875 vt
739 790 1157 889 elephantus.
1261 790 1462 863 Aliae
1492 790 1913 863 verecundae
1930 798 2007 863 'et
2034 811 2302 882 cautae,
2353 811 2427 863 vt
2456 818 2589 860 an·-

633 954 768 1001 ser:
825 928 998 999 aliae
1029 923 1307 997 inuidae
1343 946 1410 997 et
1443 926 1809 1022 elegante8‚
1861 946 1937 999 vt
1960 952 2163 1023 pauo.
2236 922 2589 996 Animan—

631 1063 811 1134 tium
841 1082 1068 1134 autem
1099 1059 1416 1133 omnium
1443 1062 1631 1133 solus
1668 1059 1887 1133 homo
1918 1060 2191 1133 consilii
2224 1086 2436 1155 capax
2468 1077 2585 1127 est.

631 1196 817 1267 cum
866 1216 1094 1269 autem
1134 1215 1514 1268 ceterarum
1576 1196 1967 1291 complures
2015 1214 2176 1267 cum
2219 1190 2594 1265 memoriae

629 1350 784 1403 tum
813 1304 1216 1429 disciplinae
1244 1331 1609 1426 participes
1637 1331 1775 1401 siut
1788 1384 1808 1420 ,
1854 1330 2043 1400 nulla
2070 1350 2301 1400 tamen
2330 1341 2593 1425 praeter

632 1460 994 1537 hominem
1055 1482 1278 1560 potest
1337 1461 1705 1535 reminisci.
1808 1462 2180 1558 Sigillatim
2229 1482 2457 1532 autem
2505 1456 2591 1529 de

633 1598 958 1671 omuibus
995 1594 1358 1693 generibus
1400 1594 1624 1694 deque
1668 1610 1957 1669 morum'
1990 1622 2069 1672 ac
2114 1596 2290 1671 vitae
2327 1593 2591 1663 ratione

588 1736 596 1743 ”
631 1732 854 1807 multo
869 1742 876 1749 ‘
891 1730 1190 1805 exactius
1216 1748 1449 1827 postea
1477 1725 1763 1801 dicetur.

1365 1928 1541 2002 c·A
1589 1929 1664 2000 P.
1768 1926 1869 1999 11.·

813 2100 1162 2174 Omnibus
1207 2119 1434 2171 autem
1472 2090 1933 2171 ammantibus
1982 2120 2383 2169 communes
2428 2112 2588 2193 sunt

633 2234 795 2307 illae
831 2255 1055 2333 partes
1069 2290 1090 2327 ‚
1140 2259 1316 2332 quae
1347 2231 1585 2304 cibum
1622 2231 1905 2329 capiunt
1922 2286 1942 2323 ‚
1994 2250 2061 2303 et
2090 2231 2179 2310 in,
2196 2256 2364 2327 quas
2408 2226 2587 2299 reci-

633 2369 860 2463 pitur:
911 2367 1190 2463 haeque
1206 2388 1366 2439 sunt
1390 2366 1499 2441 vel
1529 2363 1807 2437 eaedem
1837 2365 1947 2437 vel
1970 2361 2280 2437 diuersae
2314 2364 2492 2436 inter
2518 2388 2589 2433 se

633 2496 757 2588 iis,
799 2494 1054 2593 quibus
1085 2495 1873 2585 diximus5rati0nibus3
1908 2520 2155 2591 nempe
2182 2518 2311 2567 aut
2338 2497 2583 2591 specie,

606 2652 756 2739 'aut
783 2656 1060 2703 excessu
1085 2630 1183 2726 (et
1213 2631 1499 2723 deflectu
1514 2629 1573 2719 ,)
1603 2646 1721 2699 aut
1754 2628 2240 2725 proportione,
2276 2649 2394 2700 aut
2424 2630 2580 2701 situ.

629 2764 912 2838 Praeter
975 2764 1100 2837 has
1155 2788 1324 2839 vero
1383 2762 1536 2835 illas
1589 2786 1870 2859 quoque
1920 2761 2225 2859 plurima
2263 2762 2585 2835 animalia

632 2924 1034 2973 communes
1087 2896 1344 2968 habent
1360 2951 1381 2988 ‚
1464 2896 1718 2996 quibus
1772 2895 1911 2967 eibi
1960 2894 2295 2969 deiiciunt
2344 2921 2585 2968 excre-

631 3052 892 3105 menta.
927 3058 1150 3130 neque
1175 3031 1363 3105 enim
1385 3029 1709 3103 omuibus
1734 3056 1853 3103 eae
1876 3032 2111 3103 insunt
2140 3051 2379 3129 partes.
2427 3030 2590 3103 Vo-

632 3187 827 3239 catur
856 3187 1086 3239 autem
1113 3191 1306 3262 pars,
1355 3192 1496 3263 qua
1530 3163 1725 3237 cibus
1758 3165 2049 3264 capitur,
2100 3191 2211 3260 os;
2262 3166 2337 3237 in
2372 3194 2584 3265 quam

633 3299 984 3397 recipitur,
1035 3299 1489 3374 ventriculus:
1538 3298 1734 3373 tertia
1758 3300 1993 3373 multis
2023 3302 2425 3377 nominibus
2450 3326 2585 3394 ap-

633 3434 940 3531 pellatur.
992 3432 1090 3503 Ea
1106 3458 1270 3507 vero
1295 3454 1723 3507 excrementa
1744 3462 1907 3509 cum
1929 3432 2230 3510 duorum
2254 3458 2587 3530 generum

633 3567 772 3638 sint
791 3618 813 3657 ‚
859 3591 1308 3664 quaecunque
1335 3568 1653 3641 animalia
1683 3592 1791 3640 eas
1817 3567 2077 3641 habent
2104 3586 2328 3665 partes
2344 3620 2363 3657 ,
2404 3590 2582 3662 quae

633 3697 901 3798 liquida
941 3700 1294 3798 excipiunt
1329 3722 1759 3775 excrementa
1775 3755 1795 3794 ‚
1848 3728 1957 3773 eas
1987 3726 2269 3798 quoque
2301 3698 2581 3791 habeut,

584 3873 593 3882 ·
635 3859 812 3931 quae
837 3832 1012 3905 sicca
1037 3818 1418 3932 excipiunt:
1449 3862 1626 3935 quae
1650 3855 1880 3907 autem
1892 3834 2095 3909 hasce
2120 3835 2373 3908 hahent
2387 3889 2408 3927 ‚
2438 3862 2583 3909 nou

636 3967 870 4043 omnia
895 3968 1046 4043 illas
1073 3968 1242 4065 irem
1265 3969 1541 4051 habent
1591 3970 1775 4073 Ergo
1808 3997 2259 4075 quaecunque
2291 3970 2583 4049 vesicam
