2917 4959
984 1099 2293 1195 ARISTOTELIS

520 1367 533 1380 “
651 1349 817 1428 DE
912 1339 1774 1425 ANIMALIBVS
1889 1341 2627 1423 HISTORIAE

1298 1581 1705 1652 LIBER
1777 1581 1966 1656 vm.

1402 2083 1710 2162 cAP.
1813 2081 1872 2158 1.

656 2221 897 2354 Quae
932 2253 1023 2335 acl
1057 2275 1379 2338 naturam
1402 2276 1704 2334 ceteram
1735 2253 2386 2354 generationemque
2409 2255 2629 2352 perti-

650 2412 825 2474 nent
846 2392 1289 2486 animalium,
1342 2391 1439 2466 ita
1469 2417 1542 2464 se
1569 2391 1852 2468 habent.
1942 2387 2276 2463 Actiones
2304 2410 2536 2465 autem
2563 2410 2632 2466 et

650 2528 878 2608 avicum
910 2522 1301 2606 ,secundum
1338 2551 1568 2606 mores
1596 2547 1806 2624 atque
1831 2551 2016 2603 escas
2045 2523 2402 2600 differunt.
2501 2525 2633 2598 Iu-

652 2687 821 2740 aunt
860 2661 1049 2738 euim
1090 2660 1169 2736 in
1212 2660 1515 2736 maxima
1557 2683 1950 2736 ceterorum
1995 2658 2406 2737 animalium
2435 2682 2634 2758 parte

654 2795 939 2894 vestigia
963 2823 1245 2870 morum
1258 2853 1283 2892 ‚
1319 2797 1451 2897 qui
1473 2796 1566 2875 ad
1594 2797 1904 2872 animam
1937 2795 2285 2898 pertinent
2299 2823 2322 2870 ·.
2349 2794 2476 2894 qui
2507 2773 2632 2872 inss-

654 2952 763 3016 :er
788 2927 1111 3003 homines
1138 2931 1484 3030 apertiora
1508 2933 1772 3008 habent
1801 2932 2226 3012 discrimina.
2305 2929 2635 3030 Namque

652 3062 1115 3150 mansuetudo
1150 3087 1219 3143 et
1250 3067 1485 3143 feritas
1498 3121 1525 3161 ,
1587 3066 1832 3147 lenitas
1873 3087 1942 3142 et
1977 3067 2336 3167 asperitas,
2387 3088 2466 3144 et
2495 3068 2638 3140 for-

654 3197 888 3274 titudo
916 3221 986 3273 et
1016 3197 1350 3273 timiditas
1365 3255 1388 3294 ,
1434 3221 1502 3276 et
1525 3221 1753 3275 metus
1783 3223 1853 3276 et
1881 3201 2168 3277 fidentia
2182 3259 2204 3298 ‚
2247 3223 2316 3276 et
2341 3203 2630 3276 iracun-

654 3331 775 3406 dia
803 3351 871 3404 et
920 3334 1218 3409 versutia
1234 3389 1255 3427 ‚
1303 3333 1718 3433 prudentiae
1753 3365 1882 3437 per
1919 3335 2402 3436 cogitationem
2427 3363 2635 3408 com—

655 3485 933 3570 paratae
996 3467 1331 3568 imagines
1388 3470 1710 3572 ipsorum
1765 3437 2122 3573 plefisque
2181 3468 2384 3540 insita
2437 3454 2634 3541 suut'ss

652 3603 858 3678 Sicut
886 3598 1095 3676 etiam
1122 3601 1212 3679 de
1240 3605 1554 3704 partibus
1585 3610 1846 3695 eorum,
1861 3600 2314 3680 narrauimus.
2383 3601 2628 3690 Quae-

654 3735 824 3812 dam
856 3737 1045 3814 enim
1082 3737 1172 3810 ab
1201 3735 1494 3816 homine
1509 3796 1532 3837 ,
1579 3770 1620 3816 a
1651 3738 1886 3816 multis
1917 3736 2338 3811 animalibus
2381 3737 2630 3832 h0m0,·

657 3872 821 3972 plus
878 3873 1205 3948 minusue
1254 3871 1605 3952 differunt.
1707 3875 1992 3949 Homm
2041 3875 2232 3948 enim
2281 3873 2625 3975 quaedam

659 4006 965 4088 existunt
1001 4007 1079 4084 in
1110 4005 1430 4089 homine:
1479 4009 1823 4112 quaedam
1855 4013 2017 4111 plus
2045 4010 2126 4108 in
2158 4011 2316 4086 aliis
2347 4011 2624 4126 anima-
