2917 4959
600 467 747 538 404
1199 465 1962 537 ARISTOTELIS

570 635 879 744 auium,
962 645 1169 725 facile
1230 648 1367 724 sibi
1409 649 1678 724 victum
1737 649 2026 748 quaerit.
2165 647 2448 728 Aestate
2509 647 2586 726 in

596 813 765 859 aura
804 807 871 860 et
912 788 1149 884 opacis
1208 783 1514 879 habitat3
1611 782 1847 857 hieme
1893 783 1972 856 in
2021 785 2295 884 apricis.
2379 787 2488 883 (et
2533 817 2588 859 a

598 933 822 992 vento
854 923 1111 1006 tectis,
1160 923 1247 990 in
1280 915 1786 990 arundinibus
1827 919 2040 986 circa
2077 923 2412 1012 palude-9
2461 921 2586 994 alii

602 1053 955 1148 codices.)
988 1055 1142 1155 ‚Ab
1168 1053 1459 1126 summis
1491 1047 1952 1125 arundinibus
1978 1052 2264 1151 paludes
2280 1045 2594 1128 circum-

504 1191 545 1251 3
604 1210 881 1290 spectat.
984 1187 1305 1286 Corpore
1336 1205 1439 1258 est
1462 1211 1726 1284 paruo,
1778 1214 1948 1261 voce
1973 1187 2178 1261 bona.
2278 1185 2370 1259 Et
2403 1215 2592 1288 quae

604 1322 998 1426 gnaphalus
1040 1341 1351 1414 vocatur,
1398 1347 1645 1395 vocem
1686 1319 1900 1394 habet
1935 1317 2588 1419 commendabilem,

608 1480 677 1534 et
704 1459 1017 1534 colorem
1043 1454 1459 1556 pulchrum:
1507 1476 1575 1528 et
1623 1453 1712 1528 ad
1741 1455 2006 1530 victum
2051 1477 2424 1554 apparatus
2438 1512 2462 1552 ,
2523 1479 2592 1530 et

604 1593 760 1670 visu
807 1591 1121 1666 decorus.
1256 1589 1624 1688 Peregrina
1667 1588 1816 1662 auis
1887 1587 2096 1662 haec:
2181 1617 2343 1665 raro
2403 1591 2587 1666 enim

504 1721 551 1786 4
608 1747 831 1801 mutat
840 1724 1034 1800 sedes
1052 1725 1389 1824 propriae.
1490 1720 1765 1821 [Vulgo
1785 1723 1956 1820 Cap.
1989 1723 2278 1824 XVIL]
2383 1726 2584 1820 Grex,

608 1859 805 1963 quod
838 1857 929 1932 ad
958 1863 1187 1932 moreh
1220 1879 1516 1959 spectat,
1565 1886 1849 1958 pugnax
1891 1877 2026 1930 est:
2089 1859 2287 1956 quod
2335 1859 2426 1932 ad
2471 1863 2592 1934 in·-

610 1997 893 2094 genium
926 1993 1169 2065 attinet
1184 2050 1204 2087 ‚
1256 1988 1643 2066 industrius
1681 1991 1772 2064 ad
1804 1993 2106 2068 victum:
2155 1993 2420 2091 alioqui
2469 1998 2592 2068 in·-

611 2128 783 2204 felix
809 2130 977 2202 auis.
1084 2126 1285 2215 Quae
1316 2129 1476 2202 sitta
1505 2125 1800 2221 dicitur,
1851 2147 1921 2199 et
1945 2147 2186 2200 natura
2213 2153 2490 2225 pugnax
2523 2153 2592 2202 et

612 2261 893 2358 ingenio
938 2263 1322 2336 tractabilis
1364 2283 1433 2334 et
1477 2261 1886 2361 composita.
2028 2259 2246 2335 Victu
2291 2264 2597 2361 parabili

612 2413 953 2468 contenta.
1055 2395 1283 2466 Aiunt
1312 2395 1387 2465 in
1424 2397 1666 2470 eavim
1697 2421 1842 2469 esse
1867 2395 2377 2490 medicamenti,
2428 2401 2598 2496 quia

614 2525 968 2620 multiscia
993 2525 1099 2598 sit.
1150 2524 1524 2598 Foecunda
1547 2555 1836 2627 quoque
1851 2549 1974 2623 est,
2025 2551 2092 2604 et
2116 2531 2359 2608 sobole
2373 2533 2598 2608 felici:

516 2667 559 2730 5
620 2683 687 2738 et
726 2661 907 2738 viuit
956 2659 1147 2760 ligna
1188 2657 1506 2732 tundens.
1625 2659 1864 2735 Noctu
1907 2663 2218 2759 pascitur
2269 2668 2594 2768 aegolius,

617 2794 927 2872 interdiu
959 2822 1116 2869 raro
1150 2794 1413 2871 visitur.
1450 2891 1457 2896 ·
1515 2795 1608 2868 Et
1629 2821 1791 2868 saxa
1834 2817 1902 2868 et
1931 2797 2294 2896 speluncas
2331 2800 2596 2876 habitat

619 2927 743 3000 hic
770 2951 1081 3028 quoque.
1178 2926 1433 3002 Victus
1466 2928 1658 3004 enim
1689 2932 1951 3028 gemini
1981 2953 2118 3005 est:
2169 2936 2458 3014 viuendi
2480 2939 2599 3012 in·-

621 3059 888 3136 dustria
904 3062 1212 3161 insigni&
1246 3153 1253 3162 ¹
1314 3063 1439 3136 Est
1461 3060 1736 3134 auicula
1754 3064 2100 3164 quaedam
2127 3095 2372 3170 parua,
2423 3099 2605 3172 quae

620 3218 911 3288 vocatur
944 3195 1274 3292 cei-thius.
1374 3194 1631 3271 Audax
1657 3197 1834 3274 haec
1857 3221 1996 3295 est,
2047 3203 2116 3276 e't
2153 3206 2432 3281 arbores
2481 3233 2606 3280 ac·-

624 3331 817 3422 colit„
870 3351 937 3404 et
955 3330 1166 3404 cossis
1204 3329 1489 3406 victitat.
1543 3329 1835 3432 Ingenio
1861 3357 2098 3434 parato
2131 3336 2222 3410 ad
2240 3339 2508 3414 victum
2535 3361 2603 3414 et

512 3479 517 3486 ’
628 3489 799 3541 voce
848 3461 1033 3536 clara
1081 3463 1454 3560 praeditus,
1577 3465 2006 3543 Acanthida
2041 3469 2222 3544 male
2260 3471 2600 3567 victitant,

626 3599 937 3698 malique
966 3617 1126 3670 sunt
1153 3597 1431 3684 coloris,
1456 3626 1699 3677 vocem
1721 3621 1960 3708 ‘tamen
1987 3623 2300 3702 argutam
2317 3602 2604 3679 habent.

631 3831 690 3905 C
707 3830 773 3902 A
793 3831 868 3905 P.
921 3829 1166 3906 XVII.
1231 3816 1483 3932 (vulgo
1531 3833 1815 3913 XVIII.
1882 3839 2240 3940 Scaligero
2287 3837 2606 3936 XXIII.)

776 3975 1244 4076 Aideolmm
1270 4001 1455 4100 pena
1495 4006 1671 4110 φὴ,
1735 4025 1809 4082 vt
1859 4004 2208 4112 diximus,
2289 4006 2607 4082 difficul-
