2917 4959
686 474 829 541 DE
878 470 1354 547 ANIMAL.
1419 476 1704 549 HIST.
1755 482 1878 552 VI.
1937 509 2045 557 ιι.
2213 492 2364 565 -255

354 657 583 729 annis
614 656 972 755 pluribus:
1004 656 1261 731 etenim
1294 658 1606 757 aliq-uem
1625 663 1790 761 plus
1803 694 2022 765 quam
2053 640 2369 773 q⁸uinque

380 813 451 864 et
476 790 725 890 viginti
757 792 1009 865 vixisse
1037 818 1253 865 annos
1286 774 1628 869 constitit:
1673 799 1892 873 alium
1922 825 2152 877 autem
2185 828 2252 879 et
2279 808 2368 882 ad

372 926 680 1023 triginta.
762 926 855 998 Id
882 924 1080 1025 quod
1110 928 1573 1003 ohseruarunt
1601 933 1972 1030 piscatores
1998 944 2372 1039 amputatis

374 1058 613 1133 caudis
658 1081 869 1159 atque
915 1062 1003 1133 ab
1040 1088 1111 1133 se
1141 1060 1444 1136 amissis:
1496 1091 1642 1163 quo
1675 1094 2088 1167 argumento
2119 1102 2368 1161 eorum

372 1214 669 1267 aetatem
694 1192 1320 1292 deprehenderunt.
1360 1196 1564 1299 [Cap.
1599 1201 1733 1275 XI.
1761 1202 2173 1309 scaligero]
2223 1214 2368 1287 Vi-
2422 1230 2464 1292 3

374 1328 569 1399 tulus
617 1348 851 1400 autem
911 1330 1221 1403 marinus
1269 1332 1628 1435 Vtriusque
1691 1362 2002 1415 naturae·
2023 1348 2362 1449 particeps

374 1484 511 1539 est:
562 1490 725 1537 nam
756 1490 981 1561 neque
1010 1490 1267 1560 aquam
1300 1470 1579 1568 recipit,
1623 1473 1745 1547 sed
1777 1469 2100 1576 respirat3
2147 1503 2360 1581 atque

372 1599 577 1671 etiam
606 1616 758 1670 tum
787 1596 1053 1670 dormit
1082 1617 1235 1669 tum
1269 1602 1454 1697 parit
1487 1605 1561 1678 in
1591 1628 1774 1681 terra
1801 1610 1891 1683 ad
1923 1613 2178 1707 littora,
2195 1637 2359 1691 tan-

366 1758 583 1833 quam
626 1731 887 1805 animal
921 1752 1147 1803 terrae
1176 1732 1447 1811 incola.
1553 1738 1652 1813 At
1681 1744 1758 1818 in
1797 1748 1976 1819 mari
2004 1776 2169 1823 cum
2197 1778 2359 1825 mn...

364 1869 590 1941 iorem
627 1863 861 1939 aetatis
902 1892 1067 1941 suae
1110 1888 1377 1966 partem
1422 1874 1682 1971 exigat,
1735 1899 1940 1976 atque
1981 1910 2063 1956 ex
2101 1910 2186 1960 eo
2216 1888 2358 1961 sibi

366 1996 629 2079 'victum
672 2022 891 2099 petat,
945 2000 1037 2075 de
1080 2028 1163 2075 eo
1206 2002 1389 2081 inter
1434 2011 1772 2109 aquatiles
1809 2012 2188 2093 dicendum
2231 2046 2351 2105 est.

358 2119 694 2237 Ccncipit
716 2136 957 2235 igitur
992 2135 1205 2251 ‘illico
1251 2138 1437 2213 intra
1487 2170 1562 2219 se
1609 2146 1889 2221 animal:
1917 2172 2127 2251 atque-
2175 2154 2351 2232 edit:

356 2264 675 2373 itemque
724 2270 1059 2344 secundas
1112 2293 1180 2345 et
1226 2294 1457 2349 cetera·
1494 2280 1682 2355 eiicit
1728 2284 2083 2382 pecudum
2129 2316 2345 2373 more.

312 2436 319 2447 ·
360 2406 779 2483 vitulorum
788 2458 819 2514 9
872 2430 1051 2505 quos
1096 2409 1321 2505 parit,
1370 2394 1708 2491 numerus
1761 2419 2020 2521 singuli
2065 2425 2344 2500 hiniue:

356 2568 524 2617 eum
562 2538 857 2641 plurimi
872 2593 895 2635 ‚
964 2542 1175 2616 terni.
1264 2544 1503 2622 Habet
1541 2552 1754 2627 vhe-ra
1768 2608 1789 2649 ,
1839 2557 2102 2656 quihus
2143 2536 2348 2637 lactat

356 2680 584 2753 foetus
612 2702 775 2751 suos
790 2731 813 2769 ,
836 2680 843 2683 ’
867 2674 1470 2776 quemadmodum
1499 2705 1580 2757 et*
1593 2688 2104 2788 quadrupedes.
2157 2695 2347 2767 P-arit
2421 2698 2427 2705 ’

352 2834 586 2889 autem
611 2810 1155 2911 omnitempore
1188 2816 1355 2889 anni
1373 2871 1394 2911 ,
1445 2818 1626 2893 sicut
1659 2842 1728 2897 et
1754 2822 1972 2898 homo
1989 2854 2022 2921 3·
2061 2828 2351 2925 potissi-r

350 2936 555 3023 mum
586 2954 821 3021 autem
852 2972 1019 3022 cum
1048 2946 1299 3047 primis
1333 2952 1638 3051 capellis».
1740 2957 2030 3035 'Vitulos
2060 2960 2342 3040 deducit
2398 2974 2440 3034 4

352 3070 518 3157 suos
556 3078 974 3157 duodecimo
1004 3082 1283 3160 circiter
1312 3114 1531 3187 quam
1560 3094 1832 3191 peperit
1863 3093 1982 3169 die
2007 3098 2084 3171 in
2115 3126 2338 3175 mare:

294 3236 302 3247 ¹
351 3214 741 3291 identidem
782 3215 1089 3292 interdiu
1117 3221 1459 3318 paulatim
1501 3251 1910 3323 assuescens.
2005 3232 2076 3306 li
2109 3256 2338 3311 autem
2409 3234 2420 3245 ’

347 3353 563 3454 proni
596 3374 882 3453 repunt,
926 3374 1067 3428 'nec
1110 3358 1515 3456 ambulant3
1567 3362 1836 3463 quippe
1881 3364 2088 3442 inniti
2129 3371 2339 3470 pedi-

343 3488 479 3562 hus
499 3488 628 3588 qui
654 3507 1029 3596 nequeant.
1102 3486 1451 3591 Colli-gere
1477 3516 1546 3569 et
1569 3497 1994 3576 contrahere·
2007 3530 2080 3578 se
2103 3502 2337 3603 ips'um

342 3638 615 3719 potest:
668 3648 1003 3699 carnosus
1050 3623 1259 3699 enim·
1276 3648 1379 3702 est
1426 3652 1494 3704 et
1536 3632 1772 3712 mollis
1780 3670 1809 3731 ’,
1862 3662 2154 3735 ossaque
2185 3640 2336 3713 eius

342 3752 805 3850 cartilaginea.
909 3758 1064 3834 Nec
1091 3758 1299 3836 facile
1328 3762 1762 3863 interficitur,
1813 3791 1882 3844 et
1914 3770 2336 3847 frustrantur

338 3886 749 3981 conatibus,
776 3890 915 3961 nisi
944 3893 1133 3971 iuxta
1162 3918 1476 3999 tempora
1505 3904 1931 4002 'percutiantz
1959 3908 2110 3980 eius
2142 3910 2332 3983 euim

338 4046 606 4124 ‚ct-›rptw⁴
631 4048 1153 4115 carnosum-est.
1222 4032 1770 4113 Emittit.voc0m
1803 4038 1977 4114 boui
2001 4040 2321 4119 similem.
