2917 4959
626 451 717 520 18
1216 449 2000 523 ARISTOTELIS

594 639 787 712 dam
816 663 857 710 e
887 630 1289 722 ηιοΙῙιιεκεὶεεο
1354 632 1576 729 (haec
1609 638 1800 712 enim
1830 663 2082 738 genera
2111 641 2410 714 istorum
2443 667 2602 720 ma—

620 779 805 850 xime
836 769 1124 867 capiunt
1152 767 1578 843 incrementa
1607 769 1684 845 in
1714 773 1890 848 locis
1919 775 2250 880 aprici83)
2281 803 2492 882 atque
2524 787 2605 860 in

624 907 799 984 mari
830 903 1099 1004 potine,
1148 929 1365 1002 quam
1399 903 1478 976 in
1513 925 1696 980 terra
1716 961 1738 1001 ‚
1789 909 2098 1012 itemque
2125 917 2328 1016 aquis
2361 917 2604 993 dulci.

623 1048 774 1118 bus,
882 1037 1365 1137 Quaecunque
1409 1061 1644 1114 autem
1675 1061 2092 1142 mouentur,
2143 1077 2224 1123 ea
2261 1071 2384 1126 aut
2419 1052 2606 1152 qua...

625 1178 837 1254 ternis
868 1192 1245 1247 mouentur
1276 1175 1460 1248 notis
1478 1231 1499 1268 ‚
1551 1197 1671 1250 aut
1699 1178 1910 1252 etiam
1941 1180 2282 1281 pluribus.
2402 1188 2606 1274 Quae

626 1334 790 1391 sunt
832 1309 1205 1408 sanguinea
1222 1363 1242 1402 ‚
1296 1311 1654 1406 quaternis
1705 1333 2012 1388 tantum:
2070 1316 2338 1418 quippe
2382 1319 2604 1406 homo

626 1451 816 1525 binis
858 1445 1218 1535 manibus,
1274 1442 1464 1516 hiu'is
1507 1445 1829 1545 pedibus.
1933 1448 2128 1520 Aues
2178 1475 2412 1536 autem
2451 1475 2602 1538 tum

630 1587 757 1658 alis
792 1603 943 1652 tum
970 1575 1265 1676 pedibus
1298 1578 1504 1664 binis.
1581 1575 2087 1680 Quadrupedes
2121 1606 2352 1659 autem
2385 1608 2452 1660 et
2483 1592 2606 1688 pi..

629 1702 795 1811 scee‚
839 1713 1003 1786 illae
1032 1709 1323 1810 quidem
1355 1714 1718 1809 quaternis
1743 1695 2062 1813 pedibus,
2105 1715 2185 1790 hi
2217 1745 2382 1796 vero
2415 1749 2603 1820 qua..

629 1854 841 1930 ternis
875 1846 1125 1948 pinnis.
1192 1845 1379 1920 Nam
1406 1873 1590 1945 quae
1619 1869 1739 1930 aut
1767 1847 1954 1919 binis
1985 1869 2260 1923 tantum
2291 1854 2604 1953 praedita

627 1988 865 2094 pinnis
893 2001 1053 2056 snnt
1069 2035 1090 2072 ‚
1142 2000 1262 2065 aut
1286 1979 1578 2054 omnino
1605 1981 1836 2055 nullae
1865 1983 2163 2078 habent,
2201 2007 2277 2061 vt
2297 2015 2600 2086 serpens,

630 2118 1091 2226 (marinu⁸,)
1138 2142 1214 2188 ea
1260 2115 1491 2188 nihilo
1549 2115 1783 2188 minus
1829 2121 2184 2216 quaternis
2227 2143 2604 2195 mouentur

628 2259 836 2336 netis,
920 2251 1201 2326 Etenim
1228 2251 1558 2324 flexiones
1591 2271 1968 2350 quaternae
1995 2275 2192 2346 sunt,
2247 2275 2366 2327 aut
2395 2256 2602 2329 binae

626 2419 793 2467 cum
837 2386 1007 2483 ipsis
1056 2386 1305 2481 pinnis,
1423 2383 1872 2480 Exanguium
1927 2413 2094 2462 vero
2138 2417 2322 2487 quae
2363 2392 2600 2490 plures

622 2527 887 2602 habent
930 2515 1172 2618 pedeti,
1240 2516 1391 2588 siue
1422 2516 1738 2588 volucria
1770 2516 1947 2609 sint,
2011 2521 2162 2594 siue
2195 2522 2404 2596 humi
2433 2548 2598 2600 tan-

624 2673 785 2738 tum·
826 2652 1180 2730 ambulent
1197 2705 1217 2744 ‚
1300 2650 1488 2723 notis
1531 2627 1858 2747 pluribus
1897 2672 2311 2751 mouentur-3
2388 2661 2596 2758 quale

626 2793 888 2871 animal
919 2807 1054 2879 est,
1107 2783 1303 2884 quod
1334 2782 1788 2884 ephemerum
1821 2783 2264 2886 (diurnum)
2297 2790 2590 2865 dicitur:

623 2929 889 3029 quippe
932 2941 1235 3020 quatuor
1262 2915 1562 3017 pedibus
1599 2919 1868 3017 alisque
1899 2918 2204 2994 totidem.
2307 2925 2431 2998 Est
2457 2953 2592 3000 au·-

620 3084 761 3136 tem
811 3053 1183 3158 peculiaris
1226 3049 1590 3124 cuiusdam
1633 3074 1918 3126 naturae
1964 3081 2108 3128 non
2147 3057 2381 3132 solum
2415 3088 2590 3160 pro-

616 3218 770 3296 pter
800 3196 1049 3283 vitam,
1098 3185 1552 3288 (diat-nanu)
1577 3183 1762 3262 vnde
1795 3209 1864 3262 et
1892 3215 2150 3263 nomen
2183 3191 2432 3290 hahet3
2467 3196 2590 3272 sed

615 3333 823 3404 etiam
853 3354 981 3429 pro
986 3346 1214 3425 pterea
1228 3377 1250 3416 ‚
1298 3322 1494 3420 quod
1523 3343 1590 3396 et
1616 3321 1904 3398 volucre
1935 3345 2034 3398 est
2065 3346 2134 3399 et
2163 3326 2582 3427 quadrupes.

617 3465 877 3538 Omnia
924 3483 1155 3532 autem
1206 3446 1363 3530 'tam
1410 3456 1867 3557 quadrupeda
1933 3487 2146 3559 quam
2193 3460 2582 3560 multipeda

614 3597 828 3672 simili
892 3614 1267 3670 mouentur
1332 3590 1582 3685 mode,
1653 3618 1776 3690 per
1826 3593 2244 3667 diametrum
2291 3595 2572 3671 seilicet.

610 3732 721 3804 Ac
752 3729 1021 3827 reliqua
1050 3725 1341 3826 quidem
1376 3728 1704 3799 animalia
1735 3729 1938 3800 binos
1967 3727 2170 3826 pedes
2200 3730 2400 3828 quasi
2431 3730 2582 3805 du-.·

606 3893 719 3938 ces
762 3865 1021 3938 habent
1067 3861 1158 3936 ad
1204 3859 1778 3959 ingrediendum3
1859 3861 2050 3937 solus
2087 3889 2337 3940 cancer
2389 3893 2581 3966 qua-—

601 4020 779 4073 tuor.
