2917 4959
669 427 814 497 DE
883 418 1363 495 ANIMAL.
1427 421 1709 491 HIST.
1760 422 1884 493 VI.
1934 424 2004 497 4.
2040 428 2107 501 5.
2224 428 2377 517 241·
2446 492 2449 497 .

367 644 456 695 ac
505 614 908 713 frequenter
949 608 1066 683 die
1105 608 1468 683 interiecto
1510 609 1803 685 alteram
1843 608 2049 709 parit.
2148 609 2372 687 Incu-

359 752 536 827 bant
583 748 788 823 ambo
817 744 1126 822 vicissim
1143 800 1166 839 ‚
1217 770 1366 821 mas
1416 743 1732 818 interdiu
1748 800 1771 839 ,
1822 729 2053 823 noctu,
2086 746 2365 823 femina.

361 883 588 977 Quod
633 908 854 961 ouum
886 882 1086 981 prius
1109 878 1407 955 -editum
1441 879 1687 975 fuerit,
1740 880 1925 955 intra
1952 878 2371 957 vicesimum

362 1021 558 1097 diem
591 1040 660 1095 et
685 1015 1076 1097 absoluitur
1109 1019 1178 1087 et
1200 1013 1550 1089 excutitur
1576 1041 1617 1086 a
1644 1013 1867 1113 pullo.
1922 1014 2371 1091 Pertundnnt
2478 1010 2506 1027 ’

359 1184 590 1231 ouum
635 1149 868 1253 pridie
911 1175 1130 1247 quam
1177 1145 1591 1221 excludatur
1642 1146 1905 1244 pullus.
1960 1224 1965 1229 ,
2004 1149 2247 1251 Atque
2278 1152 2369 1225 ad

363 1310 642 1365 certum
664 1307 940 1383 tempus
969 1281 1246 1381 prolem
1277 1280 1523 1355 fouent
1554 1281 1765 1353 ambo
1782 1333 1804 1373 ,
1856 1306 1940 1355 eo
1971 1284 2187 1359 modo
2218 1314 2369 1387 quo

367 1424 586 1497 etiam
609 1447 763 1495 oua.
847 1415 1138 1491 Femina
1167 1415 1525 1513 tantisper,
1578 1413 1753 1489 dum
1784 1416 2025 1514 pullos
2050 1420 2207 1515 alit,
2254 1423 2367 1499 in..

365 1554 614 1630 festior
643 1558 744 1627 e‘st
774 1578 992 1653 quam
1035 1578 1218 1625 mas:
1274 1548 1881 1653 quemadmodum
1912 1572 2137 1629 cetera
2174 1582 2364 1655 quo—
2434 1555 2441 1565 '

363 1702 508 1790 que
530 1690 854 1765 animalia
885 1708 1048 1785 post
1084 1705 1382 1785 partum.
1453 1684 1751 1761 Pariunt
1778 1688 1859 1761 in
1890 1686 2077 1764 anno
2106 1689 2361 1788 decies,

361 1824 644 1923 aliquae
683 1822 892 1897 etiam
925 1820 1280 1896 vndecies:
1331 1818 1410 1895 in
1460 1819 1787 1925 Aegypto
1836 1814 2048 1897 etiam
2078 1823 2360 1901 duode-

362 1958 525 2031 cies.
627 1956 817 2031 Intra
863 1984 1129 2029 annum
1175 1956 1372 2054 (quo
1423 1960 1667 2025 n'atae
1715 1972 1895 2041 sunt
1907 1956 1979 2056 2)
2022 1980 2167 2035 tam
2214 1989 2361 2037 mas

361 2120 579 2193 quam
639 2092 902 2167 femina
968 2112 1259 2165 coeunt:
1355 2117 1663 2191 namque
1727 2090 1937 2166 etiam
2002 2116 2361 2168 semestres

361 2246 640 2303 coeunt.
743 2226 1120 2298 Palumbes
1183 2246 1252 2298 et
1315 2245 1621 2299 turtures
1687 2225 1887 2299 aiunt
1935 2227 2231 2325 quidam
2258 2292 2265 2299 .
2296 2208 2365 2304 et

361 2361 560 2435 coire
589 2381 658 2433 et
681 2358 966 2459 gignere
999 2358 1208 2432 etiam
1235 2359 1440 2435 tertio
1468 2360 1899 2437 aetatis-suae
1928 2385 2185 2455 mense,
2240 2391 2363 2453 ar-

235 2474 246 2484 ·
362 2514 696 2593 gumento
719 2513 952 2567 sumto
982 2495 1070 2565 ab
1099 2520 1342 2567 eamm
1371 2522 1456 2568 co
1457 2494 1595 2594 pia.
1650 2495 1931 2569 Gerunt
1954 2516 2153 2571 vtero
2174 2524 2361 2596 qua-

365 2626 763 2703 tuordecim
795 2626 979 2701 dies:
1011 2625 1306 2702 totidem
1339 2630 1711 2703 incubant:
1748 2628 2161 2704 tantundem
2185 2652 2360 2706 tem-

359 2764 557 2864 poris
595 2784 873 2862 ponunt
919 2761 1422 2863 plumescendo
1439 2818 1460 2855 ,
1512 2790 1598 2836 eo
1642 2786 1861 2861 Vsque
1906 2782 1983 2835 vt
2032 2790 2123 2843 ne
2156 2764 2365 2842 facilc

359 2898 709 3000 prehendi
746 2899 1033 2998 possint.·
1139 2895 1352 2971 Viuit
1394 2874 1763 2997 palumbes
1780 2952 1802 2991 ,
1856 2916 1931 2975 vt
1961 2898 2158 2971 aiunt
2172 2954 2195 2992 ‚
2248 2921 2363 2975 et·-

365 3032 514 3105 iam
561 3058 780 3119 annos
822 3031 1310 3132 quadraginta..
1401 3027 1753 3129 Perdices·
1783 3004 1945 3131 plus
1988 3032 2355 3120 sexdecim.

359 3166 641 3243 Emisso
663 3166 902 3265 priore
923 3164 1118 3238 foetu
1143 3164 1481 3239 columba
1499 3162 1877 3243 domestica
1896 3164 2155 3244 iterum
2170 3169 2357 3257 intra

360 3299 558 3377 diem
584 3299 1019 3375 tricesimum
1050 3300 1254 3399 parit.

721 3538 784 3615 c
831 3538 906 3617 A
955 3539 1032 3614 P.
1137 3540 1230 3619 v.
1337 3538 1733 3653 (scaligero
1834 3484 2013 3640 'v1.):
2106 3618 2115 3627 .

515 3707 798 3783 Vultus.
835 3712 912 3785 in
958 3710 1142 3785 saxis
1188 3711 1551 3787 inaccessis
1588 3708 1853 3787 'nidum
1902 3708 2149 3808 ponit3
2216 3732 2365 3807 quo

364 3840 488 3930 fit,
541 3861 619 3917 vt
663 3869 820 3917 raro
869 3847 1058 3921 visus
1103 3848 1198 3921 sit
1245 3846 1547 3935 vulturis
1594 3845 1807 3923 nidus
1852 3862 1921 3920 et
1954 3841 2154 3941 pulli.
2256 3844 2370 3921 Ac
2420 3894 2432 3906 ·

363 3990 746 4075 propterea
775 3978 1192 4061 Herodorus
1213 3982 1563 4087 Brysonis
1600 3976 1958 4081 sophistae
2002 3998 2201 4087 pater
2229 3980 2365 4077 ait,

1533 4116 1605 4204 Q
