2917 4959
680 501 824 568 DE
889 495 1365 590 ANrMAL.
1412 495 1694 569 lustr.
1744 499 1870 570 lx„
1919 501 2034 570 28.
2184 501 2330 592 459
2415 453 2428 460 ’

368 703 566 778 ulra,
638 682 713 761 in
754 708 1007 782 genere
1034 679 1395 756 mitiorum
1452 681 1807 770 constabit.
1903 681 2090 757 Sunt
2146 683 2334 760 mim

370 817 733 907 mitiorum
776 844 1059 932 quoqne
1102 815 1244 891 duo
1294 843 1563 914 genera.
1683 813 2040 914 Principes
2054 868 2076 904 ,
2135 843 2335 915 qnos
2391 845 2431 888 τι

248 1011 253 1016 .
368 953 687 1026 matrices
712 972 997 1046 vocant,
1048 972 1116 1026 et
1146 951 1522 1049 operariae.
1621 951 1926 1026 Maiores
1953 971 2118 1022 sunt
2143 951 2340 1048 prin.-

358 1086 551 1183 nipes
580 1109 649 1175 et
673 1085 1125 1184 Placidiores:
1178 1103 1245 1156 et
1275 1081 1632 1182 operariae
1681 1082 1770 1156 ad
1805 1085 2153 1157 bimatum
2195 1113 2340 1175 nen

365 1220 803 1318 perueniunt,
834 1217 955 1292 sed
976 1217 1377 1292 moriuntur
1392 1243 1631 1292 omnes
1647 1216 1880 1290 hieme
1907 1240 2335 1313 praeuentae.

364 1351 453 1430 Id
482 1353 655 1428 adeo
686 1376 774 1427 ex
805 1353 919 1429 his
948 1371 1230 1430 constat.
1314 1349 1506 1424 Nam
1537 1371 1894 1450 appetente
1923 1349 2158 1424 hieme
2199 1355 2338 1447 ob:-

360 1509 761 1587 smpescum
772 1488 981 1585 ipsae.
1032 1487 1120 1560 In
1140 1487 1651 1560 bruma-autem
1660 1485 1954 1564 omnino
1981 1511 2124 1560 non
2143 1513 2336 1560 eom-

362 1644 619 1724 parent.
720 1623 820 1696 At
848 1621 1229 1720 principe8‚
1290 1622 1416 1719 qui
1471 1621 1788 1712 matrices
1839 1619 2334 1718 cognominans-

362 1781 513 1852 tur,
562 1779 709 1833 tota
734 1753 971 1831 hieme
1000 1756 1572 1853 conspiciuntur,
1629 1777 1697 1828 et
1729 1757 1862 1831 sub
1887 1777 2142 1830 terram
2171 1783 2337 1833 eone·

360 1890 491 1966 diti
551 1891 781 1963 latent.
912 1887 1033 1962 Ab
1074 1889 1468 1963 aratoribus
1543 1887 1734 1964 enim
1813 1909 1882 1962 et
1953 1889 2336 1976 fossoribus

356 2025 567 2102 multi
597 2022 945 2123 principes
976 2049 1101 2120 per
1129 2022 1437 2098 hiemem
1467 2043 1628 2096 sunt
1660 2021 2048 2120 conspecti:
2098 2047 2338 2118 opera·

358 2161 623 2234 riarum
654 2176 887 2230 autem
917 2156 1136 2230 nulla.
1238 2159 1634 2253 Vesparum
1647 2155 1993 2254 generatio
2025 2155 2182 2231 talis
2209 2179 2329 2232 est.
2387 2165 2428 2250 3

254 2287 261 2300 ’
354 2296 591 2368 Duces
668 2290 793 2366 vbi
873 2315 1119 2392 cepere
1182 2291 1421 2365 locum
1479 2292 1934 2388 conspicuum
1948 2343 1971 2384 ,
2048 2291 2333 2380 ineunte

346 2447 605 2504 aestate
649 2425 925 2520 fingunt
968 2425 1207 2520 fanos,
1272 2445 1343 2499 et
1386 2427 1820 2500 constituunt
1845 2451 2028 2524 quae
2056 2447 2332 2525 vespeta

351 2579 693 2639 vocantur
722 2559 981 2657 pusilla
996 2612 1018 2651 ,
1068 2579 1237 2657 puta
1278 2561 1636 2657 quaternis
1689 2559 1956 2634 ostiolis
1999 2582 2119 2635 aut
2155 2586 2330 2660 -pror

352 2694 768 2796 pemodum:
820 2695 895 2769 in
923 2693 1182 2792 quihus
1214 2721 1459 2794 vespae
1493 2695 1856 2787 oriuntur,
1907 2720 2054 2769 non
2099 2717 2330 2785 autem

352 2831 691 2908 matrices.
772 2827 1051 2914 Quibus
1086 2826 1365 2921 adultis,
1398 2827 1486 2900 de
1515 2827 1785 2924 integro
1807 2850 2077 2928 praeter
2113 2857 2329 2929 supe·-

352 2965 595 3038 riores·
614 2963 781 3036 telas
828 2961 997 3034 alias
1056 2962 1357 3036 maiores
1413 2982 1860 3036 construunt:
1945 2985 2152 3062 atque
2211 2963 2326 3050 his

352 3095 611 3172 adultis
628 3149 651 3189 ‚
700 3095 912 3168 alias:
964 3097 1137 3172 adeo
1164 3121 1239 3175 vt
1266 3096 1359 3174 ad
1384 3101 1606 3173 finem
1655 3097 1974 3170 autumni
2020 3097 2327 3196 plurima

352 3254 421 3308 et
454 3230 752 3306 maxima
799 3255 913 3304 ves
916 3251 1071 3328 peta
1120 3233 1275 3305 sint.
1406 3231 1496 3304 In
1542 3229 1800 3332 quibus
1847 3229 1994 3306 dux
2010 3284 2033 3325 ‚
2109 3224 2335 3332 quem

348 3364 709 3440 matricem
722 3363 1264 3458 nominauimus,
1312 3390 1456 3437 non
1487 3363 1782 3462 amplius
1811 3364 2028 3463 gignit
2058 3395 2318 3466 vespas,

336 3499 473 3576 sed
500 3501 837 3576 matrices.
943 3496 1290 3584 oriuntur
1318 3497 1451 3574 hae
1479 3497 1932 3596 grandiorum
1973 3501 2320 3586 vermium

350 3635 581 3732 specie
626 3635 703 3706 in
745 3654 1049 3731 quatuor
1082 3653 1204 3706 aut
1230 3661 1375 3708 non
1415 3634 1640 3706 multo
1669 3634 1986 3732 pluribus
2025 3633 2205 3708 inter
2243 3655 2318 3720 se

350 3764 765 3838 continuatis
799 3767 987 3838 cellis
1010 3767 1089 3839 in
1121 3791 1441 3864 suprema
1467 3769 1725 3866 vespeti
1757 3788 1970 3866 parte.
2075 3767 2318 3848 Cetera

350 3897 609 3977 similis,
650 3963 656 3970 .
696 3899 874 3973 ratio
970 3901 1083 3976 his
1188 3923 1257 3976 et
1345 3899 1682 3995 ducibus,
1775 3901 1902 4000 qui
1995 3900 2072 3976 in
2137 3903 2330 4008 fauis-

354 4033 593 4131 apium
626 4056 1057 4131 generantur.
1159 4035 1354 4112 Ortis
1382 4036 1608 4136 vespis
1637 4037 1968 4140 operariis
2008 4037 2083 4122 in
2112 4037 2312 4136 fanis,
