2917 4959
476 489 623 558 DE
683 486 1157 560 amman
1209 489 1491 562 HlsT.
1536 489 1663 562 lx.
1720 513 1836 584 29.
1889 495 2002 566 50.
2101 497 2248 568 445

275 703 501 752 vuum
532 675 931 750 conficiunt.
998 672 1269 746 Iseum
1310 671 1718 767 adoleuerit,
1769 673 1910 750 exit
1936 698 2002 750 et
2029 678 2274 754 sobo--

276 809 419 882 lem
465 829 763 882 sumtam
808 829 1013 906 atque
1054 805 1425 882 abductam
1456 806 1536 882 in
1573 811 1860 884 alueum
1894 837 2130 884 secum
2159 811 2248 884 ad

278 941 737 1026 habitandum
780 941 1094 1016 collocat.
1209 941 1550 1026 De.ooitu
1597 944 2018 1021 crabronum
2061 944 2248 1021 nihil

279 1078 717 1178 exploratum
780 1071 1015 1148 adh‘uc
1076 1073 1448 1146 habemus:
1517 1101 1742 1174 neque
1788 1077 1974 1152 vnde
2019 1079 2248 1154 foetus

276 1210 559 1284 oriatur.
610 1211 835 1308 Igitur
861 1209 1043 1282 'mter
1068 1234 1227 1306 apes
1242 1207 1488 1280 aculeo
1504 1229 1738 1282 carent
1753 1231 1906 1282 tum
1935 1212 2078 1284 fuci
2095 1234 2249 1287 tum

283 1371 475 1442 reges
515 1345 693 1443 ipsit
742 1337 867 1417 se'd
907 1363 976 1416 et
1003 1367 1371 1440 vesparum
1400 1339 1744 1440 quaedam
1786 1369 1930 1418 non
1963 1341 2246 1438 habeut,

280 1449 877 1576 quemadmodum
932 1503 1143 1576 supra
1194 1475 1464 1550 dictum
1517 1497 1635 1550 eet.
1733 1476 1834 1551 At
1881 1477 2252 1552 crabrones

284 1637 525 1686 omues
546 1611 815 1696 ‚habere
830 1585 1273 1709 compertum
1300 1629 1418 1684 est.
1473 1609 1786 1689 Tantum
1809 1610 1898 1687 de
1929 1613 2250 1712 principe

280 1743 517 1820 adhuc
530 1800 553 1841 ,
604 1745 857 1822 habeat
884 1773 1013 1820 nee
1056 1771 1147 1820 ne
1174 1745 1235 1818 is
1250 1799 1273 1840 ‚
1324 1745 1708 1820 accuratius
1749 1744 2250 1846 inquirendum

274 1897 399 1952 θεῖ.
482 1949 489 1956 .

384 2011 443 2089 C
472 2010 547 2088 A
570 2011 649 2088 P.
748 2014 997 2089 XXX.
1098 2013 1342 2112 (vulgo
1438 2012 1714 2088 XLIII.
1800 2012 2153 2112 scaligero.
2265 1947 2268 1950 ἱ

916 2148 979 2222 C
1006 2146 1077 2222 A
1104 2147 1179 2222 P.
1284 2144 1626 2242 LXVII.)

427 2313 793 2417 Bomhylii
819 2315 1225 2417 (bombyces
1260 2315 1526 2388 Gazae
1561 2331 1638 2388 et
1672 2314 2094 2414 Scaliger-o)
2121 2319 2252 2392 suh

280 2449 463 2522 saxis
500 2448 785 2548 pariunt
811 2475 1023 2549 super
1064 2471 1244 2554 terra
1257 2508 1278 2546 ‚
1328 2453 1599 2526 cellulis
1645 2455 1830 2528 binis
1877 2473 1996 2526 aut
2029 2453 2252 2554 'paulo

276 2583 654 2683 pluribus)
704 2582 1074 2660 Inueuitur
1106 2607 1333 2660 autem
1364 2589 1442 2686 iu
1471 2588 1586 2661 his
1612 2590 1817 2662 etiam
1847 2587 1989 2660 mel
2018 2587 2258 2687 quod-a

278 2717 448 2792 ‘dam
536 2717 948 2817 improbum
1024 2703 1455 2794 inchoatum.
1541 2725 1571 2824 [
1603 2723 2000 2812 Scaliger-o
2085 2722 2252 2820 Cap.

254 2853 667 2952 LXVIII]
716 2849 1124 2928 Tenthredo
1165 2876 1397 2929 autem
1428 2857 1752 2940 crabroni
1800 2853 2085 2928 similis:
2136 2853 2258 2932 ,sed

282 2987 475 3064 varia
507 3008 575 3062 et
611 2988 746 3062 lata
766 3043 787 3081 ,
836 2987 1023 3060 sicut
1055 2986 1221 3086 apis,
1324 2989 1711 3089 Liguritrix
1737 2986 1912 3063 haec
1929 3043 1950 3084 ,
2003 3009 2070 3062 et
2098 3017 2257 3062 ma·-

284 3124 457 3196 eella
505 3143 818 3196 sectatur.
920 3121 1039 3195 Ad
1084 3125 1303 3221 pisces
1334 3151 1618 3224 quoque
1663 3145 1870 3223 atque
1913 3121 2257 3198 eiusmodi

276 3259 483 3332 cibos
512 3254 843 3330 fruendos
872 3255 1239 3354 singularis
1272 3258 1570 3333 aduolat.
1669 3257 1864 3332 Parit
1890 3261 2021 3330 sub
2052 3279 2254 3352 terra,

282 3414 363 3470 vt
404 3419 668 3492 vespae.
770 3389 1146 3465 Foecunda
1193 3420 1476 3493 quoque
1524 3412 1660 3485 est,
1739 3413 1807 3466 et
1841 3393 2052 3467 nidus
2109 3396 2256 3467 eius

286 3529 511 3603 multo
556 3527 779 3602 maior
823 3555 1036 3628 quam
1088 3555 1495 3628 vesparum:
1562 3531 1770 3604 etiam
1816 3530 2091 3627 longior
2135 3551 2251 3609 est.

280 3663 493 3737 Talia
534 3687 695 3736 sunt·
732 3690 913 3764 quae
948 3661 1037 3738 de
1079 3687 1293 3762 apum
1338 3685 1405 3738 et
1436 3692 1805 3764 vesparum
1849 3689 1916 3742 et
1958 3667 2256 3744 aliorum

196 3817 199 3820 ·
288 3795 635 3872 eiusmodi
661 3824 871 3900 opere
910 3825 989 3874 ac
1018 3801 1158 3878 vita
1189 3797 1483 3880 dicenda
1517 3823 1728 3879 erant.
