2917 4959
673 491 815 559 DE
888 489 1368 561 ANIMAL.
1432 492 1715 561 HIST.
1778 495 1904 568 IX.
1961 503 2076 570 25.
2207 505 2351 598 419

378 673 559 773 gerit
588 672 909 747 multam.
976 671 1037 746 F
1038 644 1315 748 nemina
1332 670 1524 745 enim
1544 701 1708 750 cum
1729 681 2112 777 pepererit,
2164 683 2348 759 abit:

378 828 455 881 at
489 835 638 881 mas
652 858 675 900 ‚
708 808 830 882 vbi
870 805 1219 901 editorum
1262 833 1572 883 ouorum
1621 813 1927 886 maxima
1967 815 2354 906 constiterit

374 967 571 1040 parS,
652 969 731 1016 ea
778 963 1007 1016 seruat
1056 939 1366 1013 adstans:
1432 941 1620 1016 nihil
1666 968 2014 1043 praeterea
2061 952 2352 1025 afferens

370 1076 729 1151 commodi
742 1055 787 1169 ,Ι
816 1075 953 1150 nisi
968 1069 1183 1173 quod
1214 1093 1401 1146 arcet
1430 1074 1804 1171 pisciculos
1848 1083 2020 1154 alios
2035 1137 2056 1176 ,
2109 1109 2198 1157 ne
2230 1084 2352 1159 di-
2387 1134 2394 1147 -

372 1211 635 1310 ripiant
669 1212 911 1285 foetus.
1025 1195 1265 1306 Atque
1300 1205 1439 1280 hoc
1469 1208 1608 1306 agit
1641 1209 1886 1285 diebus
1920 1215 2062 1288 XL
2091 1241 2212 1290 aut
2237 1242 2356 1310 et-‚

370 1345 515 1418 iam
542 1345 609 1418 L
626 1401 648 1440 ,
689 1335 915 1420 'donec
942 1341 1175 1416 foetus
1200 1339 1425 1415 adulti
1454 1345 1726 1443 possint
1751 1346 2044 1421 euadere
2075 1353 2162 1422 ab
2194 1352 2350 1427 aliis

368 1479 699 1577 piscibus.
798 1477 1223 1576 Agnoscitur
1252 1507 1293 1552 a
1335 1478 1799 1577 piscatoribus
1814 1537 1836 1576 ‚
1891 1484 2015 1558 vbi
2059 1487 2354 1564 excubet

364 1639 497 1712 pro
541 1613 733 1689 ouis:
786 1613 1067 1713 abigens
1108 1613 1299 1687 enim
1346 1615 1716 1714 pisciculos
1760 1614 1906 1690 huc
1947 1618 2124 1692 illuc
2165 1621 2348 1714 salit,

364 1770 435 1822 et
466 1749 777 1824 sonitum
810 1747 1166 1850 quendam
1204 1749 1372 1824 facit
1400 1753 1468 1822 et
1497 1777 1839 1824 murmur.
1942 1750 2150 1828 Adeo
2179 1780 2348 1830 vero

364 1885 523 1958 ouis
574 1882 857 1979 assidet,
907 1905 1016 1979 vt,
1080 1885 1351 1960 tametsi
1394 1885 1770 1983 piscatores
1809 1909 1945 1956 oua
1963 1937 1986 1977 ,
2049 1885 2122 1994 si-
2151 1884 2350 1959 radi-

360 2020 564 2094 cibus
604 2017 977 2119 profundis
1013 2015 1485 2112 adhaeserint,
1537 2017 1900 2092 deducunt
1927 2046 2144 2117 quam
2189 2047 2350 2094 ma·-

356 2155 553 2228 -xime
584 2173 877 2253 possunt
905 2154 980 2227 in
1007 2154 1269 2228 vadum
1286 2205 1311 2246 ,
1354 2179 1802 2252 nequaquam
1832 2175 2066 2225 tamen
2089 2154 2214 2227 ille
2241 2179 2350 2233 rei·

360 2287 641 2388 linquat
666 2287 953 2362 foetum.
1068 2289 1397 2362 Ceterum
1428 2288 1698 2361 etiamsi
1729 2289 1944 2362 fuerit
1968 2313 2008 2360 e
2041 2287 2350 2364 iuniori·-

359 2423 493 2497 bus
511 2477 533 2516 ,
597 2422 913 2496 celeriter
944 2419 1161 2497 hamo
1192 2423 1464 2521 capitur
1478 2475 1500 2516 ,
1571 2445 1938 2523 propterea
1967 2421 2161 2524 quod
2191 2449 2368 2500 cor-.

358 2556 423 2631 ri
425 2557 531 2657 pit
573 2555 971 2632 accedentes
1018 2556 1411 2656 pisciculos.
1469 2555 1568 2631 At
1600 2558 1662 2632 si
1698 2557 1928 2658 bamis
1969 2559 2348 2632 assueuerit

354 2686 781 2768 deum-andis
797 2747 819 2786 ,
901 2720 991 2768 ne
1036 2694 1139 2766 sic
1186 2693 1478 2794 quidem
1549 2690 1921 2790 relinquit3
1999 2689 2124 2762 sed
2167 2689 2350 2764 den-

354 2827 545 2899 tibus
561 2881 583 2915 ‚
670 2852 849 2923 quos
895 2825 1110 2900 habet
1161 2825 1574 2900 durissimos
1592 2879 1612 2917 ,
1679 2823 2009 2899 mordens
2079 2825 2350 2925 rumpit

348 2958 622 3032 hamos.
692 2957 909 3059 [Cap.
978 2959 1140 3036 LV.
1208 2953 1620 3056 Scaligero.]
1672 2957 1937 3032 omnia
1969 2987 2138 3036 vero
2179 2982 2335 3035 tum

354 3093 669 3167 natantia
695 3113 846 3164 tum
874 3092 1270 3170 immobilia
1300 3091 1389 3164 iis
1420 3115 1802 3192 pascuntur
1831 3097 2026 3188 locis,
2075 3095 2154 3169 in
2186 3096 2350 3195 qui-

352 3231 490 3304 bus
552 3247 969 3326 generantur
985 3281 1005 3320 ,
1088 3248 1209 3300 aut
1259 3224 1411 3300 illis
1467 3226 1854 3302 similibus:
1935 3213 2112 3304 suus·
2155 3230 2352 3306 enim

356 3363 559 3438 cibus
650 3362 993 3462 cuiusque
1056 3361 1135 3434 in
1199 3357 1337 3433 'his
1420 3381 1538 3436 est.
1643 3365 2008 3462 Vagantur
2103 3363 2348 3465 pluri-

344 3527 555 3573 mum
636 3497 1029 3572 cai-niuora.
1164 3493 1429 3569 Omnia
1495 3523 1663 3574 vero
1711 3524 1930 3597 paene
1973 3499 2346 3572 carniuora

356 3651 523 3704 sunt
551 3685 571 3723 ,
672 3651 943 3729 praeter
1036 3655 1259 3730 pauca
1292 3659 1310 3704 ι
1408 3631 1812 3707 cuiusmodi
1893 3653 1994 3707 est
2073 3631 2300 3728 mugil
2319 3687 2345 3726 ,

354 3763 553 3862 calpa
568 3817 591 3857 ,
656 3763 923 3838 mullus
937 3820 960 3860 ,
1030 3762 1311 3839 chalcis.
1415 3763 1616 3854 Quae
1675 3793 1844 3844 vero
1907 3766 2146 3868 pholis
2213 3793 2349 3865 ap·-

356 3898 667 3998 pellatur
682 3953 704 3992 ,
756 3899 1117 3973 mucorem
1166 3897 1522 4001 quendam
1563 3899 1852 3976 emittit:
1905 3923 2117 4000 atque
2157 3900 2219 3971 is
2269 3897 2352 3972 in

354 4031 661 4109 circuitu
708 4033 859 4110 eius
894 4031 1313 4131 concrescit,
1360 4063 1445 4108 ac
1485 4039 1570 4109 fit
1593 4036 1792 4133 quasi
1831 4035 2091 4112 cubile.
2115 4031 2348 4138 [Cap.

1361 4168 1434 4243 D
1449 4164 1498 4242 d
1553 4191 1596 4240 2
