2917 4959
735 384 878 453 DE
943 380 1411 477 ANJMAL:
1484 380 1771 453 ms'r.
1819 388 1873 455 1.
1928 414 1984 461 1.
2276 426 2319 496 7

363 570 766 673 aquatilium
794 568 930 643 alia·
955 586 1116 641 sunt
1144 567 1442 661 marina,
1492 565 1625 641 alia
1656 569 1963 645 fluvialia
1978 625 2001 665 ‚
2057 578 2183 655 alia
2210 584 2317 659 la-

359 708 607 783 cusu-ia
623 760 646 798 ,
693 704 826 779 alia
853 704 1214 803 palustria,
1267 724 1342 777 vt
1372 730 1535 775 rana
1564 724 1633 777 et
1664 703 2007 805 cordyluS.
2092 710 2315 793 Mari,-

349 870 610 919 norum
641 862 866 915 autem
915 839 1250 913 nonnulla
1295 838 1563 936 pelagia
1595 858 1757 911 sunt
1770 892 1791 933 ,
1847 840 2187 940 quaedam
2220 849 2315 919 li..

351 978 596 1053 toralia
609 1030 631 1069 ‚
659 976 792 1049 alia
815 975 1139 1049 saxatilia.
1191 973 1258 1047 T
1259 972 1653 1047 erraetrium
1669 995 1897 1047 autem
1910 978 2314 1057 animalium

351 1111 692 1211 quaedam
719 1120 948 1183 aiirem
975 1107 1322 1206 recipiunt
1353 1104 1813 1204 redduntque,
1852 1109 1927 1183 id
1956 1111 2149 1211 quod
2176 1115 2313 1213 spi..

347 1274 502 1320 rare
531 1267 598 1319 et
631 1244 964 1341 respirare
993 1261 1278 1333 vocaut3
1313 1260 1386 1315 vt
1411 1238 1661 1333 homo,
1692 1262 1759 1313 et
1782 1242 1913 1315 alia
1944 1249 2307 1345 terrestria,

347 1407 532 1479 quae
557 1380 966 1477 pulmonem
993 1372 1266 1445 habent.
1315 1370 1481 1445 Alia
1508 1382 1739 1449 afirem
1766 1405 1914 1452 non
1940 1381 2302 1477 recipiunt3

345 1536 414 1590 et
444 1536 670 1586 tamen
695 1510 942 1585 viuunt
955 1562 978 1601 ‚
1011 1508 1384 1607 cibumque
1415 1508 1491 1581 in
1520 1530 1701 1583 terra
1728 1484 2045 1611 capiunt3
2078 1518 2303 1615 qualis

341 1676 544 1747 vespa
569 1664 669 1719 est
691 1665 761 1717 et
793 1669 954 1741 apes
981 1663 1186 1741 atque
1212 1643 1346 1715 alia
1375 1644 1644 1717 insecta.
1712 1646 1897 1721 Dico
1922 1671 2152 1723 autem
2180 1651 2299 1727 in..

333 1804 549 1874 secta,
581 1778 904 1879 'quorum
935 1804 1230 1877 corpora
1257 1798 1374 1851 aut
1409 1779 1489 1851 in
1522 1780 1763 1877 pronis
1795 1782 2297 1883 (inferioribus)

335 1916 682 2014 partibuS,
733 1934 856 1987 aut
885 1914 1058 1987 etin
1085 1911 1198 1985 his
1254 1912 1420 1987 etin
1451 1913 1719 2011 supinis
1758 1914 2295 2015 (superioribus)

328 2069 492 2123 sunt
535 2048 900 2146 segmentis
949 2046 1282 2121 distincta.
1375 2048 1490 2121 Ac
1541 2051 1964 2125 terrem-ium
2001 2050 2292 2151 quidem

323 2184 550 2257 multa
563 2236 586 2272 ‚
630 2202 714 2255 vt
747 2180 1014 2253 dictum
1059 2201 1157 2251 aet
1171 2234 1192 2271 ,
1241 2208 1326 2253 ex
1365 2180 1665 2253 humido
1710 2184 1975 2255 victum
2029 2202 2295 2279 petunt·

309 2316 604 2389 Eorum
637 2331 870 2383 autem
909 2308 1350 2409 aquatilium,
1393 2306 1579 2407 'quae
1624 2340 1875 2415 pquam
1915 2294 2295 2412 recipiunt²

323 2446 416 2521 de
456 2469 632 2519 terra
657 2446 936 2517 nullum
963 2445 1333 2543 quicquam
1363 2444 1537 2541 petit
1570 2443 1659 2517 ad
1712 2448 1963 2519 cibum.
2089 2446 2280 2520 Ani-

327 2581 530 2667 malia
543 2606 822 2679 quoque
837 2580 1068 2677 aliqua⁸
1081 2579 1428 2677 principio
1443 2577 1731 2675 quidem
1745 2580 1822 2653 in
1848 2579 2143 2654 humido
2162 2580 2279 2654 vi·-

323 2734 528 2805 vunt,
595 2733 746 2785 tum
795 2732 1024 2785 autem
1073 2713 1150 2785 in
1199 2714 1401 2785 aliam
1451 2735 1711 2787 mutam
1760 2716 2061 2788 formam
2108 2713 2279 2787 foris

309 2868 535 2945 agunt
579 2846 826 2919 vitam:
879 2843 1072 2943 quod
1117 2848 1200 2918 fit
1230 2847 1304 2919 in
1351 2847 1591 2945 tipulis
1626 2817 2101 2946 (em-pidibus')
2128 2849 2274 2919 flu·-

315 2981 600 3057 viorum
628 2978 670 3017 *
701 2978 744 3019 *
774 2978 817 3019 *
849 3006 934 3053 ex
961 2978 1216 3077 quihus
1241 2981 1390 3053 asili
1417 2982 1698 3079 (oestri).
1764 2980 1885 3055 Ad
1910 2981 2079 3053 haec
2107 2982 2263 3055 ani-
2332 3000 2371 3059 8

317 3114 616 3186 malium
641 3114 768 3187 ali‘a
797 3112 1032 3187 sedem
1061 3136 1366 3208 mutant,
1417 3116 1549 3188 alia
1574 3142 1736 3189 non.
1824 3113 2019 3201 Quae
2042 3114 2275 3189 sedem

316 3274 468 3321 non
507 3266 810 3338 mutant,
859 3274 936 3321 ea
971 3250 1208 3324 omnia
1245 3249 1322 3321 in
1351 3247 1663 3328 ,humido
1708 3248 1973 3323 viuum.
2082 3248 2271 3325 Nam

316 3380 746 3455 terroetrium
773 3380 964 3479 quod
990 3408 1132 3455 non
1159 3402 1378 3455 mutet
1397 3382 1627 3459 sedem
1644 3385 1953 3459 inuenias
1972 3387 2264 3461 nullum.
2337 3429 2357 3452 -

313 3514 419 3587 At
463 3517 540 3586 in
590 3512 890 3588 humido
941 3517 1154 3589 multa
1201 3518 1538 3593 eiusmodi
1589 3519 1834 3593 viuunt
1848 3574 1870 3613 ,
1936 3524 2267 3620 quoniam

311 3668 556 3745 agnata
597 3670 793 3722 sunt:
845 3650 1064 3727 veluti
1096 3650 1517 3727 concharmn
1552 3654 1987 3751 (ostreorum)
2022 3678 2265 3755 genera

317 3782 996 3876 complura.Videttu·
1007 3812 1286 3884 quoque
1297 3789 1585 3885 spongia
1596 3815 1792 3861 sensu
1809 3814 1949 3861 csse
1961 3782 2261 3885 praedita

313 3913 686 4012 quopiam3
747 3918 803 3989 si
845 3916 1128 4015 quidem
1160 3919 1567 3997 difficillime
1600 3924 1808 4001 auelli
1838 3923 2031 3995 aiunt
2046 3970 2067 4011 ,
2126 3918 2257 3991 nisi
