2917 4959
621 475 764 545 DE
828 472 1306 545 ANIMAL.
1375 468 1656 537 HIST.
1711 468 1839 537 VI.
1898 485 1965 539 2.
2050 484 2053 487 ’
2125 468 2265 543 255

307 666 542 738 autem
571 684 784 759 aquas
810 655 1134 731 subeunt.
1237 650 1428 727 Tum
1459 652 1685 729 foetus
1718 642 1875 725 tum
1904 627 2273 727 irritos-um

301 824 606 875 ouorum
652 791 1016 891 conceptio
1066 787 1300 863 euenit
1345 788 1671 887 plurimis
1716 786 1967 861 auibus
2020 774 2277 885 repen-

301 934 484 1008 tina:
515 923 1114 1031 quemadmodum
1139 920 1450 1025 perdici,
1478 953 1665 1000 cum
1692 924 1769 997 in
1796 947 2122 1000 venerem
2151 948 2276 995 so—

297 1062 631 1143 licitatur.
736 1063 820 1139 Si
863 1061 1055 1135 enim
1093 1062 1360 1133 affletur
1387 1080 1597 1135 vento
1640 1086 1688 1131 a
1717 1085 1907 1132 mare
1935 1056 2275 1147 veniente,

295 1201 647 1299 concipit,
714 1180 1210 1289 continuoque
1247 1192 1331 1263 fit
1389 1189 1663 1265 inutilis
1712 1190 2052 1287 aucupiis:
2147 1188 2278 1264 In·

299 1334 494 1435 signi
537 1356 846 1429 namque
887 1324 1187 1402 odoratu
1225 1320 1579 1423 praeditus
1625 1323 1873 1423 perdix
1906 1348 2049 1397 esse
2070 1311 2279 1399 vide..

303 1490 450 1541 tur.
551 1456 742 1540 Tam
773 1462 900 1537 oui
947 1481 1106 1561 post
1145 1457 1410 1532 coitum
1425 1512 1446 1552 ,
1498 1450 1715 1558 quam
1758 1488 1842 1537 ex
1875 1448 2029 1536 ouo
2072 1461 2282 1534 incu-

303 1603 472 1676 bato
504 1598 688 1700 pulli
732 1596 1080 1697 generatio
1123 1580 1268 1667 non
1303 1592 1555 1667 eodem
1586 1597 1917 1673 omnibus
1946 1592 2285 1695 temporis

303 1733 654 1833 contingit
685 1735 910 1832 spatio
928 1787 951 1826 ‚
1003 1728 1128 1805 sed
1155 1757 1288 1830 pro
1320 1730 1589 1806 ratione
1614 1730 2117 1832 magnitudinis
2151 1758 2285 1830 pa·

307 1892 590 1945 rentum
619 1868 874 1943 euenit.
953 1866 1399 1940 Gallinarum
1427 1890 1651 1939 ouum
1680 1866 1998 1939 consistit
2018 1894 2060 1939 a
2092 1865 2288 1939 coitu

309 2004 812 2103 perficiturque
855 1999 1250 2101 saepissime
1294 1999 1537 2075 decem
1580 1998 1829 2074 diebus
1844 2054 1867 2095 ,
1932 1996 2289 2077 columbi-

309 2166 486 2243 num
507 2136 978 2237 paucioribus.
1081 2136 1475 2209 Columbae
1502 2135 1709 2210 etiam
1738 2136 1817 2211 in
1844 2134 2093 2210 dolore
2119 2161 2293 2233 par—

309 2265 626 2344 t‘uriendi
687 2256 914 2345 ouum
974 2268 1328 2341 continere
1383 2292 1711 2369 possunt3
1761 2272 1821 2344 si
1876 2270 2053 2372 quid
2105 2269 2295 2345 enim

315 2394 674 2485 molestiae
717 2402 1170 2476 intemenerit
1200 2426 1320 2477 aut
1345 2405 1531 2479 circa
1572 2402 1823 2480 nidum
1840 2460 1861 2501 ,
1914 2429 2035 2481 aut
2062 2432 2295 2506 penna

316 2537 594 2647 euulsa,
644 2538 768 2613 aut
807 2537 1009 2611 aliter
1049 2536 1286 2613 vexata
1301 2592 1324 2631 ,
1375 2560 1497 2611 aut
1543 2524 1741 2639 aegre
1766 2514 2135 2641 quippiam
2167 2560 2295 2613 tu-
2334 2596 2337 2601 -
2420 2608 2427 2615 .

315 2656 484 2747 lerit‘
497 2728 520 2767 ,
570 2676 913 2768 continet,
985 2694 1054 2747 et
1102 2694 1386 2771 pan-tum
1437 2672 1690 2748 differt.
1784 2664 2128 2747 Conui-ae
2169 2700 2299 2747 co-
2320 2706 2399 2749 ιο

233 2905 240 2913 Ι
317 2808 600 2881 lumbae
641 2806 834 2883 illud
857 2832 1146 2908 quoque
1187 2805 1452 2881 habeut
1483 2807 1867 2906 peculiare:
1920 2827 2079 2881 ante
2108 2796 2301 2881 enim

323 2970 538 3042 quam
573 2912 722 3017 mas
753 2941 974 3037 ineat,
1025 2941 1208 3044 inter
1237 2968 1310 3015 se
1337 2942 1768 3017 osculantur:
1805 2940 2003 3016 aliter
2034 2936 2301 3017 marem

323 3104 474 3151 non
523 3074 918 3151 admittunt.
995 3076 1128 3151 'Ac
1189 3075 1429 3177 primo
1476 3075 1771 3176 quidem
1832 3074 2023 3151 coitu
2071 3077 2302 3153 senior

326 3212 682 3303 osculans,
729 3212 974 3309 postea
1001 3212 1210 3286 'etiam
1233 3211 1385 3287 sine
1411 3212 1655 3287 osculo
1682 3210 1834 3287 init.
1933 3194 2037 3285 At
2062 3200 2305 3289 iunio-

168 3434 216 3463 Ὗ
330 3372 440 3461 pes
481 3346 850 3445 nunquam
900 3345 1050 3451 sine
1091 3349 1330 3421 osczflo
1380 3366 1671 3443 coeum3
1736 3338 1815 3420 id
1862 3344 2056 3447 quod
2098 3348 2306 3423 etiam

215 3472 268 3514 ⁸⁸
328 3480 650 3557 femellae
685 3479 974 3555 faciunt.
1072 3477 1380 3557 Absente
1413 3482 1603 3556 enim
1648 3506 1837 3555 mare
1868 3472 2027 3580 post
2064 3470 2309 3557 mutua

315 3596 574 3691 'oscula
590 3671 611 3711 ,
674 3615 1156 3691 masculorum
1203 3642 1436 3709 more,
1498 3610 1803 3693 vicissim
1850 3642 1925 3690 se
1968 3602 2311 3689 conscen-

325 3726 550 3841 ilunt,
573 3748 946 3848 nihiloque
963 3750 1284 3826 inuicem
1313 3748 1629 3826 immisso
1659 3748 1947 3825 seminis
1967 3746 2311 3847 genitalis,

333 3854 626 3984 pariunt
667 3908 804 3957 oua
848 3886 1050 3982 plura
1067 3942 1090 3983 ,
1141 3915 1356 3987 quam
1391 3911 1577 3989 quae
1610 3880 1650 3962 c
1682 3884 1947 3967 semine
1982 3900 2313 3982 concepta
