2917 4959
644 514 789 583 DE
850 512 1326 586 ANIMAL.
1380 510 1672 581 ms'r.
1715 514 1846 585 1x.
1898 522 1964 589 5.
2009 522 2076 593 s.
2201 524 2344 619 587

394 692 775 799 subductos
790 722 829 767 a
860 694 1201 769 matribus
1218 696 1447 795 pullos
1477 696 1672 793 ipsae
1689 720 1936 773 curant
1960 724 2026 777 et
2041 702 2360 811 diligunt.

396 830 667 905 verum
695 831 891 905 laetis
918 830 1155 929 inopia
1178 827 1486 929 perdunt
1517 854 1656 904 eos.
1669 821 1692 832 '

748 1061 1057 1139 cAP.
1160 1014 1289 1135 vl.
1392 1062 1650 1161 (vulgo
1748 1065 1889 1163 v.)
2031 1146 2038 1155 ,

535 1228 729 1303 Inter
764 1228 943 1301 feras
978 1226 1461 1327 quadrupedes
1497 1256 1703 1305 eerua
1738 1256 1882 1305 non
1917 1234 2204 1329 pessime
2237 1239 2357 1316 vi-

384 1360 592 1435 detur
622 1361 723 1439 vti
749 1358 1153 1461 prudentia:
1202 1384 1355 1437 tum
1386 1362 1584 1463 quod
1614 1364 1810 1443 iuxta
1839 1366 2114 1440 semitas
2145 1371 2354 1468 parit,
2449 1424 2456 1435 ·

381 1522 528 1594 quo
556 1498 813 1571 bestiae
840 1523 987 1571 non
1014 1495 1273 1571 adeunt
1296 1496 1672 1573 hominum
1698 1486 1923 1570 metu:
1952 1519 2106 1573 tum
2133 1502 2349 1601 quod,

376 1629 497 1703 vbi
538 1633 891 1729 pepererit
904 1687 927 1725 ,
976 1628 1273 1707 deubrat
1316 1632 1648 1707 secundas
1691 1632 2045 1729 primum:
2095 1633 2350 1713 deinde

374 1765 678 1838 acmrrit
708 1764 799 1838 ad
828 1768 1131 1840 seselim:
1169 1792 1309 1865 qua
1342 1766 1642 1863 depasta,
1675 1766 1775 1837 sic
1811 1786 1971 1862 pote
2001 1764 2091 1839 ad
2125 1772 2347 1843 sobo-

376 1899 517 1973 lem
565 1923 847 1972 rursum
894 1876 1089 1973 redit.
1190 1899 1550 1973 Praeterea
1579 1896 1668 1971 ad
1695 1898 1966 1971 stabula
2007 1897 2344 1977 hinnulos

374 2054 561 2107 actos
602 2032 902 2107 instituit
945 2058 1357 2127 assuescere,
1410 2061 1556 2132 quo
1603 2058 1677 2104 se
1709 2059 1749 2103 a
1786 2030 1948 2129 fuga
1981 2031 2337 2129 recipiant.

368 2166 493 2241 Est
514 2168 728 2263 igitur
754 2168 953 2241 locus
980 2195 1225 2241 saxum
1246 2188 1702 2266 praeruptum
1715 2218 1736 2258 ‚
1756 2164 2044 2240 vnicum
2073 2162 2339 2238 habens

370 2295 678 2369 aditum:
727 2298 849 2375 vbi
876 2302 1083 2375 etiam
1110 2299 1476 2373 subsistere
1505 2322 1571 2375 et
1613 2323 1996 2400 repugnare
2029 2296 2332 2373 tradunt.

367 2427 551 2500 Item
589 2454 737 2501 mas
752 2482 775 2521 ‚
824 2456 991 2505 cum
1034 2432 1254 2507 euasit
1292 2431 1602 2533 pinguis,
1623 2408 1630 2415 ⁹
1653 2433 2094 2508 obesissimus
2145 2429 2336 2508 enim

364 2564 447 2635 fit
490 2582 859 2658 autumno,
912 2593 1353 2666 nequaquam
1385 2589 1776 2665 comparet3
1827 2564 1950 2639 sed
1978 2585 2200 2638 mutat
2226 2564 2334 2639 lo-

361 2721 561 2770 cum:
584 2750 591 2757 -
612 2697 835 2774 facilis
866 2699 1053 2775 enim
1084 2703 1181 2775 ob
1209 2698 1490 2798 adipem
1507 2720 1718 2798 captu
1745 2718 1866 2771 est.
1962 2698 2335 2771 Abiiciunt

356 2830 563 2904 etiam
605 2858 871 2909 cornua
914 2834 1085 2909 loeis
1124 2854 1193 2909 et
1239 2832 1435 2908 aditu
1470 2855 1538 2909 et
1565 2834 1862 2907 inuentu
1899 2827 2327 2903 difficilibus.

359 2962 571 3039 Vnde
612 2986 681 3041 et
710 2966 1169 3067 prouerbium
1207 2988 1442 3041 mum
1483 2989 1612 3042 est:
1664 2968 1784 3045 vbi
1827 2963 2022 3040 cerui
2065 2988 2328 3039 cornua

362 3094 743 3195 deponunt.
808 3101 897 3176 Id
939 3130 1017 3177 ea
1064 3128 1271 3177 causa
1302 3102 1606 3195 faciunt,
1657 3098 1890 3199 quod,
1939 3099 2138 3198 quasi
2189 3100 2326 3191 tela

368 3231 753 3327 amiserint,
782 3256 1061 3329 canent,
1089 3262 1179 3310 ne
1202 3234 1586 3311 videantur.
1637 3236 1920 3328 Ferunt,
1964 3232 2324 3305 sinistrum

356 3394 579 3441 cornu
614 3396 655 3440 a
691 3367 969 3443 nemine
1020 3396 1327 3469 vnquam
1356 3370 1618 3445 visum:
1671 3367 2092 3443 abscondere
2133 3366 2322 3440 enim

352 3500 428 3575 id
470 3524 801 3602 tanquam
846 3501 1349 3578 medicamento
1386 3504 1672 3602 insigne.
1772 3501 2142 3577 Anniculis
2171 3524 2318 3571 non
2379 3528 2418 3569 2

352 3636 677 3711 oriuntur
705 3640 1007 3729 cornua‘,
1041 3636 1175 3711 nisi
1212 3656 1545 3737 tanquam
1575 3638 1754 3737 signi
1785 3635 2001 3735 gratia
2032 3630 2318 3705 inchoa-

352 3788 503 3841 tum
530 3766 905 3867 quiddam,
944 3772 1157 3873 idque
1179 3775 1391 3847 breue
1422 3795 1490 3847 et
1515 3774 1886 3847 hirsutum.
1937 3768 2024 3841 In
2047 3766 2318 3839 bimatu
2369 3790 2382 3813 ··

350 3898 569 3977 edunt
599 3930 861 3978 cornua
890 3908 1202 4003 primum
1234 3930 1415 3983 recta
1442 3910 1856 3983 subularum
1883 3901 2078 3979 faeie.
2106 3898 2320 3975 Vnde

348 4062 467 4109 eos
508 4035 747 4111 Latini
792 4038 1171 4119 subulones
1184 4100 1209 4148 ‚
1278 4043 1532 4119 Graeci
1575 4038 2004 4129 πατταλίας
2053 4054 2314 4113 vocant.
2381 4134 2386 4143 Ι

1365 4180 1426 4252 Β
1442 4181 1491 4251 b
1547 4202 1584 4249 2
