2917 4959
572 479 620 548 5
1166 443 1900 552 Ams'ro'rssms

576 659 719 732 alui
743 648 1131 750 ‘sedimenta
1180 656 1249 708 et
1283 632 1556 726 vesicae.
1650 628 1888 701 Siccae
1921 643 2152 698 autem
2189 645 2258 698 ct
2287 621 2545 723 dur-203

582 778 973 864 cuiusmodi
1007 797 1301 859 nerum,
1358 766 1533 837 cutis
1551 819 1572 856 ,
1635 789 1841 852 vena,
1897 760 2111 858 ΡίΙιιε,
2166 787 2276 851 08,
2331 760 2548 840 carti-

579 929 767 1018 1330,
820 913 1108 1011 vnguiS,
1176 926 1430 978 cornu:
1503 896 1738 994 (idem
1801 894 1989 968 enim
2036 920 2294 1000 nomeu
2341 891 2552 966 habet

581 1080 739 1156 pars
760 1107 780 1144 ‚
834 1074 1011 1147 quae
1051 1046 1348 1140 figuram
1399 1032 1699 1106 similem
1747 1031 1993 1133 habet,
2045 1049 2114 1100 et
2157 1049 2386 1101 totum
2425 1053 2557 1100 vo·-

586 1209 783 1262 catur
803 1179 1073 1275 cornu.)
1096 1178 1265 1249 item
1294 1194 1468 1268 quae
1494 1166 1607 1238 his
1637 1165 2097 1264 proportione
2119 1159 2556 1260 respondent.

494 1322 531 1383 6
594 1323 950 1397 Differunt
973 1333 1202 1387 autem
1236 1301 1557 1382 animalia
1587 1301 1763 1374 vitae
1779 1353 1816 1390 ,,
1839 1297 2224 1389 actionum,
2257 1325 2561 1388 morum,

590 1454 900 1554 par-‘tium
961 1446 1257 1519 ratione:
1336 1433 1424 1506 de
1473 1431 1727 1528 quibus
1793 1432 2104 1527 primum
2167 1431 2566 1504 summatim

596 1585 944 1676 dice'mus3
998 1573 1251 1652 deinde
1296 1568 1383 1641 de
1418 1589 1840 1666 vnoquoque
1875 1587 2118 1658 genere
2167 1559 2566 1658 diligentius

599 1744 669 1794 et
720 1716 1061 1818 prolixius
1127 1707 1555 1780 disseremus.
1669 1699 1850 1770 Sunt
1892 1695 2106 1792 igitur
2145 1693 2571 1768 differentiae

601 1850 989 1926 secundum
1017 1846 1190 1920 vitas
1221 1861 1290 1912 et
1317 1835 1620 1937 actiones
1637 1854 1706 1905 et
1723 1857 1951 1902 mores
1969 1830 2112 1902 fere
2135 1824 2568 1930 huiusmodi,

604 2009 680 2062 vt
710 1986 843 2058 alia
880 1984 1019 2056 sint
1046 1959 1413 2075 aquatilia,
1484 1967 1614 2039 alia
1653 1963 2012 2038 terrestria.
2125 1965 2214 2036 Et
2247 1961 2574 2060 aquatilia

606 2118 895 2219 quidem
938 2111 1240 2210 duplicis
1279 2123 1594 2177 naturae:
1649 2097 1988 2198 quaedam
2013 2099 2201 2170 enim
2231 2117 2297 2169 et
2324 2097 2398 2167 in
2429 2093 2575 2164 hu-

506 2313 516 2324 .
608 2251 808 2328 mido
842 2250 1057 2324 vitam
1092 2261 1304 2340 agunt
1332 2259 1399 2310 et
1436 2233 1600 2304 inde
1635 2232 1873 2304 cibum
1903 2261 1982 2304 ca
1985 2252 2212 2326 piant,
2263 2249 2578 2325 praeter-.-

611 2411 689 2458 ea
727 2383 1100 2454 humorem
1139 2396 1291 2445 tum
1334 2369 1679 2463 recipiunt
1720 2384 1873 2436 tum
1913 2363 2272 2436 remittunt
2321 2361 2580 2456 (respi-

614 2519 849 2592 rando
866 2511 939 2609 5)
1007 2534 1152 2608 quo
1196 2504 1256 2574 si
1304 2499 1688 2597 minentur,
1763 2494 2000 2568 viuere
2048 2513 2434 2591 nequeunt3
2502 2491 2579 2564 id

616 2647 813 2748 quod
839 2668 1123 2742 magnae
1148 2635 1449 2736 piscium
1481 2630 1658 2727 parti
1693 2627 1940 2700 euenit.
2022 2625 2378 2712 Quaedam
2413 2654 2578 2704 vero

616 2784 696 2854 in
724 2783 1022 2854 humore
1041 2770 1329 2879 quidem
1360 2765 1620 2861 degunt
1647 2783 1850 2859 atque
1882 2760 2046 2834 inde
2073 2763 2334 2836 victum
2363 2787 2580 2860 quae-

622 2936 823 3006 runt,
898 2938 1144 2984 verum
1209 2912 1437 2977 aerem
1501 2899 1844 2995 recipiunt
1907 2895 2383 2992 (spirandm)
2435 2922 2581 2970 non

622 3073 908 3160 aquam:
982 3064 1050 3116 ct
1102 3059 1289 3114 extra
1337 3062 1488 3108 eam
1528 3031 1841 3129 pariunt:
1923 2991 2332 3103 cuiusmodi·
2363 3029 2582 3100 multa

625 3201 821 3272 sunt,
874 3205 1037 3250 cum
1080 3201 1357 3262 eorum,
1412 3166 1667 3266 quibus
1708 3161 1967 3262 pedum
2011 3165 2196 3238 solus
2243 3189 2402 3238 vsus
2452 3184 2584 3254 est,

626 3335 704 3388 vt
734 3315 937 3385 lutra
979 3305 1341 3411 (enydris)
1361 3357 1382 3395 ‚
1434 3301 1648 3389 lasax,
1701 3295 2123 3369 crocodilus:
2175 3319 2328 3370 tum
2374 3295 2586 3368 volu-‹-

628 3448 771 3519 cria
786 3501 807 3539 ‚
877 3467 953 3519 vt
995 3467 1270 3539 mergus
1324 3432 1653 3533 (aethyia)
1672 3485 1694 3523 ,
1746 3452 1814 3503 et
1856 3424 2224 3531 colymbis:
2279 3449 2428 3499 tum
2463 3453 2585 3496 ca·-

630 3580 849 3654 remia
892 3576 1187 3676 pedibus
1203 3629 1224 3666 ‚
1278 3589 1353 3646 vt
1383 3564 1671 3667 hydrus.
1765 3563 1944 3636 Sunt
1985 3582 2355 3659 praetcrea,
2409 3583 2589 3656 quae

632 3712 709 3785 in
738 3709 1035 3784 humido
1074 3711 1352 3782 aluntur
1372 3757 1393 3794 ‚
1444 3724 1670 3798 neque
1697 3697 1847 3770 sine
1883 3723 1964 3768 eo
1997 3696 2233 3769 viuere
2265 3713 2588 3794 possunt,

629 3871 873 3918 verum
900 3871 977 3918 ea
1005 3865 1229 3940 neque
1252 3847 1484 3938 aerem
1513 3857 1740 3928 neque
1771 3858 2019 3928 aquam
2047 3831 2182 3902 reci
2187 3830 2388 3929 piunt
2417 3827 2592 3922 (spi-

538 3999 573 4060 7
636 3981 939 4079 rando):
968 3975 1189 4080 qualis
1206 3993 1309 4046 est
1334 3968 1554 4046 vrtica
1575 3962 1952 4078 (acalephe)
1981 3986 2050 4038 et
2079 3985 2316 4040 ostrea.
2369 3961 2590 4035 Porro
