2917 4959
573 479 718 551 214
1165 466 1927 541 'ARISTOTELIS

499 734 508 744 ,
567 656 745 735 alter
779 658 974 755 niger
1001 674 1072 729 et
1097 654 1330 729 varius
1363 651 1609 749 magis.
1676 648 1891 749 Regis
1916 647 2335 751 magnitudo
2361 670 2555 729 tanto

571 796 790 867 altero
837 789 1062 864 maior
1076 844 1098 882 ,
1149 814 1364 887 quam
1411 783 1769 884 operariae
1812 787 2003 885 apis3
2056 786 2327 885 quique
2372 785 2557 863 infra

571 926 952 1003 cincturam
1007 923 1204 999 locus
1254 940 1356 997 est
1400 947 1619 1023 quam
1666 920 2021 1019 reliquum
2082 946 2344 1019 corpus
2389 952 2555 997 cum

571 1057 870 1133 maxime
917 1056 1216 1133 dimidio
1258 1058 1559 1156 longior.
1662 1057 2028 1129 Vocantur
2068 1054 2159 1128 ab
2176 1082 2185 1089 ·
2202 1058 2561 1157 aliquibus

573 1215 863 1287 matres,
913 1192 1112 1295 quasi
1159 1217 1342 1290 quae
1381 1190 1675 1289 pariant.
1774 1187 2049 1261 Dicunt
2084 1188 2351 1266 indicio
2392 1219 2561 1289 esse,

576 1328 780 1428 quod
814 1331 1147 1405 fucorum
1173 1327 1398 1401 foetus
1431 1327 1877 1399 innascantur
1909 1322 2157 1411 etiam,
2218 1326 2343 1400 vbi
2373 1354 2569 1427 reges

579 1462 843 1557 absint,
893 1490 1109 1564 apum
1149 1481 1386 1535 autem
1419 1485 1569 1534 non
1612 1458 2080 1533 innascantur.
2181 1457 2336 1535 Alii
2370 1465 2569 1540 aiunt

481 1598 526 1659 3
593 1596 784 1669 coire
805 1622 954 1671 eas:
1005 1625 1230 1673 mares
1255 1622 1398 1671 esse
1426 1594 1627 1669 fucos
1642 1648 1663 1687 ,
1716 1618 1879 1691 apes
1912 1594 2223 1667 feminas.
2324 1596 2569 1697 Atque

583 1728 885 1805 aliarum
932 1731 1225 1833 quidem
1273 1730 1627 1830 generatio
1678 1730 1755 1803 in
1804 1728 1995 1802 cauis
2046 1729 2375 1803 fanorum
2424 1754 2527 1807 est
2540 1786 2564 1827 ‚

584 1890 776 1965 reges
825 1889 1058 1945 autem
1107 1869 1434 1942 oriuntur
1486 1865 1672 1939 infra
1714 1862 1805 1936 ad
1836 1863 2297 1961 (extremos)
2345 1867 2564 1962 fanos»,

585 2026 901 2075 seorsum
917 2002 1261 2095 collocati,
1279 2002 1424 2076 seni
1450 2028 1523 2074 se
1524 1998 1827 2098 pteniue,
1854 1999 2481 2097 [protuberantes
2494 2000 2569 2101 ?]

585 2156 830 2211 eontra
857 2166 1074 2237 quam
1099 2158 1324 2211 cetera
1349 2136 1643 2211 foetura.
1710 2130 2063 2207 Aculeum
2094 2158 2257 2231 apes
2280 2132 2566 2229 habent,

587 2270 738 2347 fuci
787 2298 932 2349 non
971 2270 1252 2347 habent.
1353 2270 1577 2367 Reges
1611 2288 1677 2345 et
1706 2265 1919 2343 duces
1949 2266 2213 2343 habent
2254 2266 2569 2367 quidem,

591 2404 712 2481 sed
725 2433 868 2480 non
885 2408 1112 2504 figunt
1127 2435 1148 2501 3
1181 2432 1398 2506 quare
1413 2402 1712 2503 quidam
1740 2427 1857 2477 eos
1870 2396 2104 2477 carere
2116 2400 2567 2480 arbitrantur.

959 2639 1254 2717 CAR·
1309 2638 1521 2715 xlx.
1610 2638 1851 2737 (vulgo
1928 2638 2257 2747 xxa.)
2382 2686 2393 2697 .

744 2809 832 2884 In
897 2836 1148 2908 genere
1197 2836 1412 2909 apum
1459 2810 2044 2909 praestantissima
2088 2836 2268 2910 quae
2316 2838 2531 2909 parua
2544 2866 2567 2905 ,

595 2942 934 3037 rotunda,
1001 2943 1226 3020 varia:
1289 2946 1589 3019 alterum
1636 2972 1853 3041 genus
1902 2968 2003 3020 est
2048 2946 2437 3043 oblongum
2502 2967 2588 3074 etX

593 3105 842 3177 vespae
884 3077 1346 3174 (anthrenae)
1393 3076 1655 3153 simile:
1706 3080 1993 3155 tertium
2026 3080 2256 3157 furem
2280 3102 2573 3156 vocant:
2723 3146 2731 3154 .

593 3214 792 3311 niger
821 3213 918 3307 is,
967 3214 1134 3287 aluo
1163 3212 1320 3287 lata.
1427 3215 1741 3303 Quartus
1768 3218 2011 3309 fimus,
2064 3216 2387 3290 omnium
2418 3244 2577 3289 ma-

591 3347 827 3423 ximus
842 3400 864 3441 ‚
945 3346 1093 3422 sine
1135 3348 1378 3422 aculeo
1397 3403 1419 3441 ,
1486 3348 1803 3446 ignauus.
1910 3350 2387 3436 Quamobrem
2434 3351 2575 3421 ob-

591 3500 838 3555 texunt
903 3480 1179 3581 aliquid
1225 3482 1411 3555 circa
1475 3485 1816 3580 almaria,
1889 3512 2029 3583 qua
2092 3508 2251 3579 apes
2298 3480 2575 3577 ingredi

597 3636 892 3714 queant,
971 3616 1151 3711 fuci,
1203 3615 1432 3717 qnod
1480 3620 1637 3695 sint
1688 3616 2122 3720 grandiores,
2190 3636 2573 3715 nequeant.

494 3742 536 3787 ²
599 3748 878 3849 Regum
923 3777 1172 3853 genera
1215 3775 1393 3853 quot
1441 3752 1786 3845 diximus,
1814 3750 2006 3823 Iduo.
2110 3748 2275 3825 Sed'
2296 3750 2375 3825 in
2420 3750 2578 3823 sin-‘-

593 3884 773 3981 gulis
807 3887 1200 3963 alueanihus
1229 3890 1469 3989 plures
1496 3908 1692 3980 sunt,
1724 3913 1871 3960 non
1890 3912 2071 3960 vnus
2102 3888 2317 3961 solus.
2390 3884 2579 3959 Nam

587 4042 752 4095 sane
783 4022 976 4123 perit.
996 4050 1316 4118 examen,
1379 4022 1515 4097 nisi
1548 4022 1711 4101 satis
1742 4023 1931 4099 intus
1974 4048 2222 4121 regum
2250 4022 2379 4117 sit3
2410 4044 2577 4093 non
