2917 4959
628 479 773 570 574
1246 473 1996 544 Amsro‘rnms

626 661 687 734 si
716 662 1025 760 percussi
1052 684 1211 734 sues
1248 657 1323 730 in
1354 681 1606 752 aquam
1633 653 2114 730 descenderint
2127 710 2150 748 ,
2198 677 2368 730 tunc
2385 661 2606 733 celer-

534 811 575 854 2
630 795 805 870 rime
838 815 1145 890 pereunt.
1232 791 1652 888 Serpentum
1676 817 1966 887 quoq-ue
1995 817 2272 864 morsus
2301 795 2607 880 multum

628 927 975 1000 differunt.
1046 923 1215 1001 Fert
1245 921 1490 996 Africa
1509 941 1896 1020 serpentem
1931 921 2282 1020 aspidem,
2337 954 2422 1002 ex
2459 955 2606 1027 quo

628 1059 887 1134 faciunt
914 1060 1263 1158 septimun
1290 1055 1872 1132 medicamentum
1889 1109 1910 1147 ,
1961 1055 2048 1128 ad
2075 1057 2272 1156 quod
2318 1061 2610 1134 nullum

624 1193 1021 1271 remedium
1046 1192 1426 1268 inuenitur.
1465 1189 1804 1264 Nascitur
1831 1190 1908 1264 in
1935 1189 2152 1266 lasere
2173 1192 2605 1288 anguiculus,

626 1327 961 1406 aduersus
996 1354 1213 1428 quem
1258 1323 1644 1402 remedium
1690 1324 1914 1399 fertur
1949 1325 2016 1398 la
2019 1325 2126 1422 pis
2157 1325 2456 1424 quidam
2485 1355 2608 1404 ae-

627 1483 870 1561 ceptus
910 1492 953 1536 a
996 1463 1175 1562 regis
1208 1461 1421 1561 prisci
1460 1459 1818 1558 sepulcro:
1885 1485 2114 1559 eoque
2163 1461 2448 1557 perfuso
2493 1465 2608 1540 vi-

628 1624 803 1672 num
838 1598 1110 1670 bibunt.
1158 1663 1163 1672 .
1202 1595 1437 1670 Etiam
1480 1595 1885 1668 stellionum
1929 1617 2206 1666 morsus
2247 1593 2322 1667 in
2365 1596 2606 1674 Italiae

628 1731 1050 1828 quibusdam
1076 1730 1249 1804 locis
1284 1731 1614 1808 mortales
1639 1749 1821 1803 sunt.
1905 1729 1986 1804 Si
2017 1729 2196 1806 forte
2223 1729 2360 1802 alia
2391 1730 2604 1806 aliam

626 1863 985 1940 deuon-urit
1012 1867 1229 1940 bestia
1246 1885 1578 1940 venenata
1593 1919 1614 1958 ‚
1649 1864 1798 1938 eius
1818 1885 1974 1936 tum
2003 1891 2280 1939 morsus
2304 1865 2608 1940 maxime

630 2017 730 2070 est
758 1999 1229 2094 perniciosus:
1281 1999 1501 2074 veluti
1533 2000 1594 2074 si
1637 1999 2079 2096 scorpionem
2109 1999 2346 2097 vipera
2375 2027 2608 2076 come-

628 2126 827 2206 derit.
910 2132 1349 2220 Aduersatur
1382 2155 1615 2209 autem
1653 2161 1900 2222 eorum
1931 2132 2251 2230 plurimis
2289 2132 2604 2208 hominis

622 2269 861 2340 saliua.
927 2268 1297 2364 (sputum.
1320 2267 1349 2364 )
1374 2349 1383 2356 .
1409 2271 1712 2367 Serpens
1754 2265 2050 2370 quidam
2101 2267 2416 2342 minutus
2465 2289 2568 2342 est
2581 2325 2604 2362 ‚

622 2423 834 2495 quem
864 2424 1115 2476 vocant
1140 2404 1473 2477 nonnulli
1501 2431 1808 2476 sacmm:
1859 2403 1918 2474 is
1951 2429 2239 2502 magnos
2267 2401 2472 2478 valde
2499 2405 2606 2476 fu-

620 2552 737 2629 gat
762 2561 1037 2632 angues.
1119 2535 1537 2633 Magnitudo
1569 2538 1720 2610 eius
1745 2559 1849 2612 est
1879 2537 2043 2611 cubi
2055 2538 2240 2632 talis,
2269 2559 2340 2612 et
2359 2537 2606 2612 hirsu-

621 2685 735 2747 tus
780 2671 936 2744 visu
986 2689 1123 2747 est:
1188 2670 1385 2768 quod
1424 2661 1920 2764 momorderit,
1993 2673 2189 2746 illico
2237 2673 2314 2746 in
2361 2671 2630 2750 orbem'

620 2805 973 2898 putrescit.
1076 2805 1163 2878 In
1204 2805 1413 2880 India
1465 2806 1902 2906 serpentinus
1945 2804 2242 2904 quide
2287 2827 2418 2903 est,
2469 2807 2602 2880 ad·-

620 2955 859 3010 versus
890 2957 1103 3037 quem
1132 2938 1373 3030 solum
1390 2968 1554 3054 ‘non
1583 2931 1846 3014 habeut
1877 2941 2286 3018 remedium.

644 3167 789 3241 cA
807 3169 884 3243 P.
916 3121 1201 3250 xxlx.
1232 3117 1479 3272 (vulgo
1505 3174 1754 3246 xxx,
1792 3155 2152 3276 scaligero
2178 3177 2575 3276 XXXIV.)

758 3337 997 3415 Etiam
1027 3341 1203 3416 vteri
1244 3341 1530 3440 gestatio
1570 3342 1774 3431 facit,
1823 3365 1902 3418 vt
1933 3346 2258 3420 animalia
2295 3347 2598 3425 meliora

611 3470 751 3546 sint
782 3493 905 3548 aut
936 3473 1297 3551 deteriora.
1362 3474 1476 3554 Ac
1503 3497 1796 3551 testacea
1831 3477 2120 3577 quidem
2133 3529 2156 3564 ,
2187 3499 2262 3552 vt
2289 3497 2596 3575 pectun-

609 3608 763 3704 culi
794 3628 863 3682 et
894 3609 1133 3684 omni'a
1156 3631 1465 3686 ostracea
1481 3633 1550 3686 et
1581 3633 1812 3688 crusta
1831 3611 2104 3704 intecta,
2138 3600 2628 3710 praestantis

607 3740 787 3826 sima
850 3763 1015 3819 sunt
1081 3747 1568 3843 praegnantia:
1645 3748 1828 3821 sicut
1882 3733 2123 3822 omnia
2181 3749 2589 3824 locustacea.

604 3874 683 3952 N
684 3903 799 3952 am
828 3896 1115 3954 testacea
1150 3905 1435 3978 quoque
1465 3878 1796 3956 dicuntur
1819 3902 2096 3958 vterum
2125 3865 2408 3982 gestare.
2494 3883 2594 3958 At

602 4031 959 4088 crustacea
990 4013 1199 4092 etiam
1232 4015 1557 4092 coeuntia
1583 3998 1938 4126 ⁸videntur,
1991 4039 2066 4094 et
2097 4017 2476 4119 parientia:
2527 4037 2592 4092 at
