2917 4959
611 460 706 537 ⁹6
1211 456 1981 527 ARISTOTELIS

602 657 900 719 meatus
927 637 1428 737 manifestos.)
1476 642 1721 718 Cetera
1742 641 1978 717 omnia
2003 644 2291 719 mouent
2302 650 2577 719 auremt'

505 794 546 855 3
602 808 777 859 vnus
821 777 1040 851 homo
1101 776 1314 850 hahet
1359 776 1818 851 immobilem.
1912 778 2111 853 'Sitae
2148 804 2371 853 ,aures
2418 798 2583 853 sunt

602 914 838 991 eadem
863 910 942 984 in
971 911 1561 1005 circumferentia,
1607 912 1683 985 in
1716 940 1857 1012 qua
1893 934 1961 985 et
1988 915 2215 1008 oculi,
2268 940 2411 986 non
2443 940 2578 984 au·-

599 1072 738 1123 tem
784 1026 993 1147 supra
1010 1103 1031 1140 ,
1132 1048 1344 1121 velut·
1375 1041 1451 1119 in
1498 1045 1927 1146 quibusdam
1972 1045 2576 1148 quadrupedibus.

599 1183 908 1257 Aurium
951 1182 1126 1257 aliae
1164 1183 1445 1280 glabrae
1461 1240 1484 1276 ‚
1537 1182 1715 1256 aliae
1759 1183 1940 1257 inter
1968 1204 2337 1283 Vtramque
2362 1178 2581 1254 uatu-

602 1340 774 1393 ram.
833 1322 986 1393 Hae
1013 1317 1102 1392 ad
1131 1317 1561 1391 audiendum
1597 1320 1841 1393 ceteris
1869 1340 2235 1420 praestant.
2290 1320 2581 1393 Momm

601 1454 772 1527 hinc
797 1436 1288 1552 'argumentum
1320 1455 1601 1526 nullum
1633 1452 1951 1525 habetur.
2055 1456 2236 1529 Item
2276 1474 2395 1525 aut
2425 1478 2581 1525 mad·

601 1605 775 1687 gnae
821 1608 985 1659 sunt
1029 1608 1148 1660 aut
1193 1615 1454 1686 paruae
1500 1609 1623 1660 aut
1652 1586 2075 1681 mediocre-⁴13
2138 1609 2347 1687 atque
2377 1586 2585 1659 etiam

605 1742 726 1797 aut
751 1742 1092 1795 surrectae
1108 1718 1332 1817 valde,
1371 1742 1491 1795 aut
1514 1715 1720 1816 nihil,
1754 1743 1875 1795 aut
1904 1720 2361 1797 mediocriter.
2414 1718 2579 1793 Mc⁴

605 1856 862 1931 diocris
918 1876 1162 1929 natura
1203 1857 1504 1957 optim0s
1548 1856 1863 1956 designat
1906 1884 2153 1933 mores.
2284 1853 2583 1951 Magnae

606 2012 674 2065 et
721 2013 1064 2066 surrectae
1117 1991 1744 2091 stultiloquentiam
1798 2013 1867 2065 et
1919 1988 2579 2091 multiloquentiam.

503 2119 552 2186 4
607 2126 823 2215 Quod
862 2128 1040 2200 inter
1069 2128 1390 2219 oculum,
1439 2152 1682 2200 aurem
1729 2146 1798 2201 et
1823 2128 2153 2203 verticem
2192 2126 2548 2202 interiacet
2561 2175 2583 2216 ‚

605 2285 890 2339 vocatur
928 2284 1220 2362 tempus.
1322 2262 1553 2337 Faciei
1589 2290 1750 2361 pars
1778 2291 1983 2337 nasus
2014 2284 2147 2359 est,
2198 2290 2338 2365 qua
2366 2259 2582 2362 spiri-

605 2414 716 2468 tus
748 2417 1105 2469 commeat.
1210 2396 1367 2468 Hac
1395 2397 1585 2469 enim
1616 2398 2037 2493 respiramus
2068 2418 2276 2496 atque
2303 2398 2585 2498 expira*

604 2548 795 2602 mus:
848 2527 986 2600 hac
1024 2550 1374 2628 praeterea
1413 2528 1499 2599 fit
1528 2529 1973 2621 sternutatio,
2024 2558 2203 2628 quae
2234 2552 2334 2602 est
2358 2531 2583 2602 exitus

605 2662 890 2764 spiritus
909 2661 1241 2753 {conferti
1331 2660 1474 2734 Hic
1498 2663 1689 2736 solus
1718 2665 2015 2735 flatuum
2044 2663 2343 2738 habetur
2366 2692 2582 2759 sacer,

607 2819 816 2899 atque
861 2797 1072 2870 etiam
1107 2820 1238 2895 pro
1287 2797 1607 2895 augurio.
1711 2799 1987 2877 Verum
2018 2819 2086 2872 et
2130 2797 2491 2896 respiratio
2518 2816 2591 2873 et

609 2930 1008 3031 expiratio‚'
1036 2954 1218 3026 quae
1266 2932 1346 3004 fit
1383 2932 1673 3005 naribus
1690 2990 1711 3026 ,
1765 2932 1840 3005 in
1872 2954 2113 3033 pectus
2144 2933 2378 3031 ipsum
2411 2960 2583 3032 per-⁶

552 3113 561 3123 ·
607 3064 830 3141 tendit
873 3066 967 3138 ita
985 3120 1006 3157 ,
1097 3084 1170 3139 vt
1213 3064 1362 3141 sine
1408 3067 1565 3167 ipso
1606 3068 1765 3141 fieri
1809 3067 2096 3140 naribus
2140 3093 2287 3140 non
2330 3069 2583 3167 possit,

607 3202 776 3300 quia
804 3228 845 3274 e
875 3169 1184 3299 pectore,
1225 3228 1371 3275 non
1405 3224 1489 3277 ex
1520 3202 1665 3276 vlla
1702 3223 1899 3303 parte
1931 3202 2176 3302 capitis
2190 3257 2211 3296 ‚
2256 3202 2587 3301 procedat

609 3335 973 3435 respiratio
1001 3355 1068 3409 et
1095 3336 1435 3435 expiratio
1468 3362 1593 3439 per
1608 3356 1866 3437 guttur.
1921 3329 2153 3413 Potest
2180 3354 2413 3409 autem
2442 3336 2585 3411 vita

607 3470 821 3546 etiam
862 3470 1010 3544 sine
1057 3469 1192 3543 hac
1238 3470 1615 3573 spiratione
1656 3474 1958 3550 existere.
2060 3469 2175 3547 Fit
2206 3471 2417 3544 etiam
2458 3496 2582 3569 per

611 3606 796 3681 hanc
847 3626 1115 3704 partem
1162 3610 1455 3684 olfactus
1472 3664 1491 3702 ,
1577 3608 1705 3710 qui
1764 3605 2105 3684 odorandi
2164 3626 2399 3679 sensus
2458 3612 2587 3680 est.‘

611 3741 1001 3819 Commode
1034 3765 1266 3818 autem
1297 3768 1623 3820 mouetur
1653 3767 1896 3837 nasus3
1949 3765 2094 3816 non
2123 3760 2199 3815 vt
2232 3741 2419 3815 auris
2449 3768 2583 3842 pe·-
2656 3770 2661 3777 ·

517 3880 555 3944 5
615 3878 863 3953 culiari
925 3878 1229 3979 quadam
1289 3902 1539 3953 natura
1599 3878 2001 3951 immobilis.
2103 3876 2274 3951 Eius
2334 3900 2583 3978 partes,

607 4011 784 4090 'cum
813 4010 1214 4122 „dissepiens-
1259 4016 1585 4119 cartilago
1600 4071 1621 4114 ‚
1690 4036 1845 4091 tum
1886 4012 2045 4091 tubi
2088 4013 2344 4094 inanes.
2460 4016 2580 4091 Est
