2917 4959
650 491 791 590 DE
838 481 1303 577 ANIMAL.
1348 482 1626 554 111s'r.
1678 484 1798 553 v1.
1859 510 1970 580 17.
2101 461 2113 472 ’
2156 490 2302 580 269

329 696 507 748 tunt.
604 673 791 746 Cum
820 670 921 742 sic
956 671 1231 742 affectae
1259 685 1455 759 suut,
1507 665 1860 738 neminem
1887 645 2144 743 ad‘lsese
2181 699 2306 745 ac..
2363 681 2403 742 5

326 807 575 882 cedere
600 806 985 905 patiuntur,
1032 804 1167 878 nisi
1196 821 1317 878 aut
1347 789 1588 874 labore
1615 800 1934 898 fatigatae
1947 855 1968 894 ‚
2001 824 2120 876 aut
2143 831 2310 881 cum

330 941 419 1016 ad
461 967 651 1014 mare
696 938 1161 1038 peruenerint.
1260 938 1375 1010 Ibi
1420 961 1582 1012 vero
1615 933 1916 1009 eiiciunt·
1943 937 2306 1036 quiddam,

325 1074 519 1173 quod
550 1075 965 1170 cognomine
992 1097 1162 1147 voce
1194 1099 1233 1142 a
1236 1069 1554 1167 ppellant
1579 1095 1746 1142 cum
1773 1095 1880 1160 eo,
1911 1069 2110 1168 quod
2137 1075 2310 1171 pul-

320 1210 431 1280 lus
474 1233 761 1282 nascens
809 1203 981 1301 gerit
994 1255 1015 1295 ,
1064 1202 1548 1300 hippomanes.
1648 1201 1773 1274 Est
1812 1221 2045 1276 autem
2078 1207 2308 1305 qualis
2341 1299 2344 1304 ,

321 1370 363 1414 a
393 1341 681 1413 Graecis
710 1337 1041 1435 καπρία,
1072 1365 1113 1408 a
1139 1334 1345 1409 nohis
1370 1335 1564 1434 apria
1597 1335 2016 1432 (Scaliger-o
2040 1341 2310 1438 porcia)

324 1461 470 1548 dici
503 1496 745 1573 potest.
812 1472 1051 1571 Atque
1080 1459 1157 1542 id
1188 1468 1584 1568 exquiritur
1605 1471 1906 1542 maxime
1937 1474 2306 1576 veneficiis,

320 1609 629 1686 Instante
674 1609 863 1682 coitu
892 1605 1237 1704 capitibus
1268 1603 1574 1678 inuicem
1606 1604 1916 1678 obuersis
1950 1626 2158 1711 atque
2189 1608 2308 1682 in..

318 1744 593 1816 clinatis
640 1742 1023 1816 consistunt
1065 1738 1283 1836 magis
1328 1767 1542 1837 quam
1585 1757 1778 1812 autea
1798 1793 1820 1832 ,
1872 1741 2310 1841 caudamque

318 1897 621 1971 motant3
675 1876 871 1950 alite-r
918 1900 1200 1975 quoque
1242 1901 1457 1973 quam
1499 1897 1922 1948 consueuere
1949 1874 2304 1954 hinniunt.

322 2009 385 2084 E
433 1997 713 2110 genitali
756 2011 1111 2109 geniturae
1158 2007 1385 2082 simile
1428 2005 1772 2106 quiddam
1817 2010 2039 2082 effluit
2080 2012 2310 2089 multo

320 2145 599 2218 tenuius
646 2171 859 2244 quam
901 2143 1113 2216 maris
1150 2169 1427 2216 semen:
1479 2139 1685 2239 quod·
1721 2141 1954 2216 etiam·
1987 2148 2312 2220 nonnulli

320 2278 401 2350 hi
405 2303 788 2376 ppomanes
826 2303 1113 2376 quoque
1150 2296 1439 2368 vocant,
1491 2301 1638 2350 non
1677 2296 1908 2350 autem
1950 2276 2026 2350 id
2039 2334 2062 2373 ,
2113 2280 2312 2380 quod

318 2411 539 2511 pullis
571 2411 971 2486 innascitur.
1032 2409 1203 2486 Non
1230 2409 1381 2484 sine
1406 2411 1684 2508 negotio
1711 2413 1935 2511 excipi
1962 2440 2162 2514 posse
2191 2443 2314 2517 au-

320 2564 633 2642 tuman't3
710 2545 1079 2645 paullatim
1142 2543 1329 2620 enim
1388 2543 1710 2620 destillat.
1816 2546 2012 2634 Quin
2075 2553 2324 2646 etiam,—

322 2679 499 2754 dum
550 2681 881 2780 equiunt,
932 2678 1201 2778 saepius
1250 2678 1580 2777 mingunt
1627 2700 1696 2753 et
1737 2682 1918 2754 inter
1966 2707 2040 2756 se
2079 2685 2314 2758 collu-

321 2813 517 2888 dunt.
622 2814 821 2888 Haec
870 2812 959 2887 de
1005 2814 1205 2913 equis
1245 2814 1345 2886 sie
1374 2811 1674 2888 habent.
1775 2812 2050 2888 Vaccae
2085 2836 2314 2890 autem
2371 2825 2412 2887 6

322 2949 653 3022 tauriunt.
756 2948 988 3023 Tanto
1020 2969 1251 3024 autem
1278 2947 1516 3021 furore
1543 2947 1938 3046 capiuntur,
1987 2969 2064 3024 vt
2085 2977 2318 3050 neque

322 3105 558 3156 tenere
583 3109 811 3182 neque
840 3109 1081 3181 capere
1097 3082 1393 3156 bubulci
1412 3107 1526 3154 eas
1542 3081 1830 3154 valeant.
1888 3080 2330 3197 (zmyrna--

292 3238 443 3302 ‚tur
471 3214 769 3290 libidine
809 3217 1102 3290 coeundi
1132 3238 1286 3290 tum
1316 3241 1536 3317 equae
1551 3234 1717 3289 ‘tum
1743 3244 2028 3311 vaccae,
2076 3218 2156 3294 id
2179 3218 2314 3298 de-

322 3349 717 3450 prehendes
744 3374 1019 3426 tumore
1046 3352 1467 3450 genitalium.
1524 3350 1794 3425 Vaccae
1823 3379 2108 3452 quoque
2141 3383 2308 3454 per-

324 3483 491 3560 inde
520 3507 727 3586 atque
758 3513 978 3587 equae
1007 3487 1437 3562 micturiunt.
1490 3487 1761 3560 Vaccae
1795 3486 2004 3560 etiam
2039 3489 2308 3562 inscen-

327 3618 509 3694 dunt
546 3642 783 3696 tauros
797 3677 819 3716 ,
870 3621 1434 3722 comitanturque
1475 3645 1592 3692 eos
1635 3645 1904 3719 semper
1945 3641 2156 3718 atque
2197 3643 2310 3697 et-

324 3753 469 3826 iam
516 3755 855 3827 assistunt.
952 3755 1273 3830 Iuniores
1309 3754 1383 3828 in
1414 3777 1760 3855 equorum
1789 3781 2036 3851 genere
2068 3775 2136 3830 et
2163 3755 2308 3830 bu-

324 3886 499 3957 bulo
530 3883 803 3982 priores
841 3887 1186 3988 incipiunt
1214 3889 1445 3989 vrgeri
1477 3886 1568 3962 ad
1599 3886 1885 3962 coitum.
1987 3887 2308 3988 Tempo—

326 4017 525 4096 ribus
556 4045 845 4120 quoque
870 4021 1325 4130 tepidioribus
1352 4044 1421 4100 et
1446 4023 1866 4106 habitudine
1895 4022 2304 4121 secundiore
