2917 4959
670 451 763 542 94
1280 444 2046 515 Anls'ro'rssms

670 661 907 708 rursus
949 655 1070 726 per
1110 627 1379 722 spinam
1408 625 1826 724 porrigitur:
1877 625 1967 699 de
1999 655 2146 726 quo
2179 629 2254 702 iu
2293 659 2424 705 suo
2459 647 2628 728 pog-
2703 679 2712 688 .

668 787 850 844 mate
892 763 1244 836 Homerus
1283 763 1379 832 ita
1422 760 1731 858 scripsit:
1793 774 2038 834 totam
2077 787 2357 834 venam
2397 765 2636 838 abaci·

668 905 815 987 dit,
868 921 1066 993 quae
1082 913 1248 990 ’per
1288 898 1592 990 spinam
1641 917 1952 966 currens·
1985 899 2337 972 continuo
2375 914 2636 975 tractu

668 1039 778 1108 ad
808 1034 1173 1108 ceruicem
1208 1032 1584 1125 peruenit.
1686 1029 1806 1106 Ab
1839 1057 1918 1104 ea
1949 1029 2040 1104 ad
2069 1053 2289 1106 costas
2327 1032 2634 1131 singulas

662 1169 1109 1270 singulasque
1156 1169 1506 1242 vertebras
1552 1164 1849 1264 pusillae
1893 1193 2108 1243 venae
2149 1164 2631 1268 deducunturz

661 1307 985 1383 bifariam
1034 1323 1261 1377 autem
1307 1300 1650 1376 scinditur
1701 1302 1792 1376 ad
1831 1303 2220 1386 vertebram
2235 1357 2255 1396 ‚
2313 1328 2492 1399 quae
2541 1298 2633 1374 ad

665 1467 862 1516 renes
902 1438 1214 1536 pertinet.
1315 1435 1612 1510 Maioris
1653 1459 1869 1511 venae
1915 1437 2272 1534 portiones
2315 1435 2416 1510 sic
2464 1453 2633 1534 par-2

668 1577 961 1648 tiuntur.
1060 1574 1162 1644 At
1202 1570 1554 1669 superiori
1597 1571 1674 1644 in
1715 1591 1911 1670 parte
1927 1623 1948 1662 ,
2003 1597 2082 1649 ea
2123 1595 2303 1666 quae
2341 1599 2382 1642 a
2420 1569 2634 1650 eorde

662 1707 994 1799 tenditur,
1043 1726 1185 1780 tota
1214 1705 1291 1778 in
1326 1705 1473 1782 duo
1507 1704 1856 1780 diuiditur
1889 1706 2078 1778 loca:
2123 1701 2377 1777 etenim
2401 1701 2492 1776 ad
2518 1705 2632 1776 la-
2715 1703 2726 1708 ’

664 1863 807 1918 tera
834 1863 905 1916 et
935 1841 1311 1917 clauiculas
1328 1896 1350 1935 ‚
1388 1863 1598 1942 atque
1613 1839 1780 1914 inde
1803 1867 1928 1939 per
1954 1837 2632 1914 axillas'hominibus

662 1978 741 2050 in
815 1974 1103 2048 brachia
1119 2031 1140 2069 ‚
1210 1973 1782 2075 quadrupedibus
1831 1975 1906 2047 in
1980 1999 2186 2046 crura
2251 1973 2632 2066 anteriora,

664 2109 913 2184 auibus
942 2108 1019 2184 in
1046 2112 1183 2184 alas
1200 2167 1220 2206 ‚
1264 2111 1576 2210 piscihus
1602 2110 1682 2198 in
1709 2110 1958 2208 pinnas
1986 2133 2244 2206 pronas
2277 2107 2638 2206 (superio-

668 2242 805 2340 res)
854 2244 1304 2319 contendunt.
1408 2245 1563 2319 Hae
1592 2269 1806 2320 venae
1850 2248 1991 2342 qna
2037 2267 2415 2318 rameseere
2445 2242 2634 2316 inci-

662 2378 872 2475 piunt
934 2378 1246 2473 primum
1261 2433 1282 2470 ‚
1367 2401 1705 2453 vocantur
1748 2378 2130 2473 iugulares3
2211 2373 2334 2451 sed
2372 2374 2491 2453 vbi
2543 2375 2636 2452 de

664 2535 911 2607 magna
948 2535 1125 2585 vena
1169 2511 1480 2608 partitae
1511 2515 1816 2588 subeunt
1855 2513 2158 2606 collum,
2225 2510 2415 2584 iuxta
2460 2514 2631 2609 pul-

664 2645 896 2722 monis
928 2645 1253 2718 arteriam
1282 2643 1598 2720 tendunt.
1699 2645 1847 2719 Has
1878 2641 2233 2720 interdum
2260 2644 2480 2743 siquis
2505 2675 2634 2721 ex-

664 2783 999 2855 trinsecus
1060 2780 1492 2880 intercipiat,
1563 2778 1944 2857 concidunt
2007 2777 2324 2853 homines
2339 2833 2360 2870 ‚
2425 2807 2634 2856 sensu

664 2915 929 3015 priuati
969 2915 1306 3014 genisque
1336 2915 1590 2990 clausis
1606 2970 1627 3008 ,
1679 2915 1947 2990 etiamsi
1981 2941 2128 2990 non
2155 2912 2632 2990 vehementius

668 3055 871 3162 angas
887 3105 909 3145 ‚
958 3071 1037 3127 vt
1060 3051 1502 3124 suffocentur.
1597 3051 1716 3124 Sic
1741 3077 1909 3128 vero
1937 3049 2292 3125 tendentes
2319 3069 2526 3150 atque
2559 3051 2638 3126 in

666 3185 903 3260 medio
948 3185 1058 3259 sui
1101 3207 1383 3284 recepta
1401 3186 1652 3260 arteria
1687 3186 2011 3260 feruntur
2041 3213 2260 3284 Vsque
2290 3183 2377 3260 ad
2409 3197 2636 3277 aure8,'

664 3349 807 3419 qua
833 3323 1155 3394 maxillae
1186 3321 1398 3418 capiti
1423 3322 1826 3396 commissae
1857 3343 2038 3396 sunt.
2126 3321 2318 3394 Tum
2345 3347 2510 3395 vero
2539 3320 2632 3390 ab

664 3481 749 3529 eo
780 3458 939 3530 loco
971 3483 1207 3530 rursus
1242 3453 1786 3556 quadripartitae
1811 3479 2002 3531 aunt:
2037 3481 2338 3555 quarum
2354 3480 2488 3551 vna
2511 3479 2638 3526 re·-

662 3591 839 3665 flexa
865 3617 993 3690 per
1021 3592 1285 3664 collum
1314 3612 1522 3691 atque
1551 3588 1928 3667 humerum
1943 3585 2328 3680 descendit,
2357 3605 2424 3659 et
2450 3615 2633 3662 con-

665 3725 980 3827 iungitur
1006 3753 1169 3801 cum
1200 3726 1439 3826 priore
1466 3755 1680 3826 yenae
1709 3715 1902 3802 rmno'
1943 3722 2032 3796 ad
2057 3720 2332 3796 brachii
2367 3720 2651 3796 curua-'

668 3883 933 3937 turam:
984 3861 1195 3936 altera
1242 3884 1471 3938 autem
1515 3889 1674 3961 pars
1715 3863 1798 3976 iu
1821 3877 2038 3934 manu
2077 3856 2166 3932 ad
2197 3857 2450 3958 digitos
2481 3879 2632 3932 ter-

670 3998 994 4075 minatur.
1096 3997 1335 4072 Altera
1382 3999 1468 4070 ab
1499 4017 1796 4096 Vtroque
1831 3996 2110 4073 aurium
2135 3997 2296 4070 loco
2325 3995 2401 4068 in
2433 4001 2632 4066 cere-v·
