2917 4959
608 510 755 583 440
950 491 959 500 ’
1210 507 1962 580 ARISTOTELIS

612 675 797 765 nihil
828 693 1377 792 ampliusoperis
1399 693 1661 766 faciunt
1697 691 2085 791 principes:
2149 685 2270 761 sed
2315 713 2578 786 opera-—

614 828 755 902 riae
786 831 967 902 intro
1004 831 1381 926 important
1405 829 1502 901 eis
1531 828 1787 901 cibum.
1894 825 2179 914 Constat
2225 819 2302 893 id
2349 847 2434 894 ex
2467 849 2578 916 e0,

612 962 806 1060 quod
846 991 987 1038 non
1020 962 1323 1061 amplius
1357 957 1641 1035 euolant
1677 959 1924 1054 duce-⁰³3
1976 956 2099 1030 sed
2133 956 2320 1028 intus
2343 955 2582 1054 quiete

508 1099 551 1160 4
620 1093 894 1194 degunt.
996 1100 1262 1172 Vtrum
1298 1071 1466 1170 vero
1496 1065 1864 1191 superioris
1907 1095 2071 1166 anni
2103 1091 2316 1164 duces
2327 1141 2350 1175 ‚
2397 1116 2586 1163 crea·

608 1231 701 1302 tis
732 1230 938 1304 nouis
964 1206 1259 1302 ducibus
1280 1284 1300 1323 ,
1352 1255 1516 1300 cum
1551 1227 1734 1326 [alii
1767 1229 2074 1298 Codices
2105 1225 2315 1299 occisi
2346 1223 2419 1322 a]
2463 1221 2582 1292 iu-

616 1363 933 1436 nioribus
988 1362 1211 1458 vespis
1264 1361 1480 1433 simili
1541 1363 1682 1436 fato
1731 1361 2112 1460 [meliores
2165 1360 2475 1428 Codices
2517 1375 2587 1428 et

620 1496 923 1595 semper]
958 1498 1327 1588 intereant,
1382 1521 1469 1568 an
1500 1494 1763 1568 diutius
1793 1513 2049 1594 queant
2079 1494 2347 1584 viuere,
2399 1517 2588 1564 non—-

619 1627 790 1700 dum
842 1651 1273 1728 perspectum
1324 1652 1443 1703 est.
1569 1629 1819 1728 Neque
1869 1609 2037 1703 vero
2085 1613 2424 1702 senectam
2469 1645 2588 1698 aut

617 1755 815 1832 ducis
842 1783 959 1836 aut
987 1763 1292 1847 ferarum
1331 1791 1700 1862 vesparum
1731 1765 1994 1839 aliosne
2020 1765 2186 1836 tales
2218 1764 2292 1834 in
2335 1760 2432 1833 eis
2475 1759 2590 1832 af-

616 1894 836 1967 fectus
864 1923 1070 1970 nemo
1090 1895 1340 1972 vidisse
1355 1897 1545 1971 visus
1571 1919 1688 1972 est.
1735 1899 1860 1973 Est
1891 1897 2144 1970 matrix
2174 1898 2307 1968 lata
2327 1913 2396 1967 et
2428 1919 2594 1990 gra-

621 2027 727 2101 vis
754 2048 823 2102 et
856 2031 1177 2126 crassior,
1245 2054 1449 2131 atquc
1496 2031 1860 2142 grandior,
1927 2059 2138 2131 quam
2185 2053 2428 2124 vespa:
2500 2023 2594 2096 ad

528 2232 536 2238 .
622 2165 1005 2240 volandum
1050 2166 1462 2260 inualidior‚
1531 2169 1624 2242 ob
1673 2167 2091 2266 grauitatem.
2236 2161 2407 2234 Nou
2447 2159 2596 2232 fere

623 2297 839 2394 igitur
864 2301 1103 2376 volare
1144 2301 1419 2397 longius
1458 2325 1763 2400 queunt,
1828 2300 1948 2374 sed
1989 2298 2062 2370 in
2115 2296 2444 2393 vespariis
2482 2322 2600 2368 se—

619 2427 826 2526 dent,
878 2459 1145 2530 semper
1175 2436 1642 2532 confingentes
1687 2456 1890 2534 atque
1919 2431 2317 2507 ordinantes
2346 2429 2602 2504 dome-

526 2581 566 2644 5
625 2563 809 2640 stica.
913 2565 1247 2640 Plurimis
1276 2567 1353 2639 in
1386 2566 1716 2664 vespariis
1747 2568 2064 2641 matrices
2081 2567 2338 2640 insunt.
2444 2567 2600 2640 Ve-

626 2725 791 2772 rum
832 2699 1195 2775 dubitatur
1212 2757 1233 2797 ,
1283 2703 1623 2774 aculeatae
1670 2701 1814 2773 sint
1857 2727 1986 2774 uec
2033 2727 2140 2773 ne.
2241 2697 2598 2770 Videntur

626 2853 854 2904 tamen
882 2856 956 2908 vt
992 2859 1183 2931 reges
1228 2861 1442 2931 apum
1485 2860 1661 2911 esset
1744 2863 1989 2910 verum
2029 2861 2258 2935 neque
2297 2855 2600 2906 exserere

624 2953 853 3063 neque
884 2967 1106 3041 ferire.
1204 2969 1302 3042 At
1328 2995 1695 3068 vesparum
1723 2951 1896 3041 aliae
1931 2992 2167 3045 carent
2205 2970 2483 3061 aculeo,
2527 2987 2605 3042 vt

629 3098 809 3172 fuci:
861 3101 1035 3176 aliae
1066 3132 1208 3178 non
1242 3125 1495 3176 carent.
1569 3101 1766 3190 Quae
1797 3126 2053 3198 carent,
2095 3125 2256 3177 sunt
2305 3103 2607 3175 minores

628 3252 700 3304 et
727 3231 1150 3313 imbelliores
1165 3295 1185 3334 ‚
1236 3263 1465 3336 neque
1503 3258 1849 3336 pugnant:
1923 3237 2266 3310 aculeatae
2308 3237 2608 3311 maiores

628 3387 700 3441 et
728 3369 1048 3443 valentes.
1148 3371 1386 3472 Atque
1416 3371 1542 3442 has
1573 3369 1863 3470 quidam
1893 3390 2140 3447 vocant
2181 3398 2440 3463 mares,
2507 3372 2611 3442 ila-

631 3504 733 3576 las
762 3502 1003 3576 aculeo
1034 3528 1335 3580 carentes
1367 3507 1719 3582 foeminas.
1786 3507 1924 3580 Eae
1961 3531 2136 3603 quae
2164 3504 2438 3577 aculeos
2465 3501 2608 3574 ha-

634 3638 822 3730 bent,
854 3639 986 3710 sub
1022 3635 1327 3713 hiemem
1358 3643 1670 3750 amittere
1699 3641 1722 3712 i
1727 3667 1883 3738 psos
1908 3635 2248 3714 videntur.
2332 3639 2613 3711 Verum

635 3772 955 3847 nondum
998 3773 1432 3867 inuenimus,
1535 3775 1661 3873 qui
1714 3774 1860 3874 ipse
1922 3771 2178 3849 vidisse
2227 3791 2605 3844 testaretur.

540 3926 579 3988 s
637 3902 987 3981 Oriuntur
1020 3911 1219 3983 annis
1251 3908 1756 4007 squallentibus
1788 3931 1856 3983 et
1887 3909 2061 3983 locis
2091 3907 2344 4006 asperis
2379 3905 2610 4004 potius

641 4066 906 4141 vespae.
968 4043 1317 4120 Oriuntur
1348 4070 1518 4119 vero
1550 4045 1678 4116 sub
1711 4063 1908 4117 terra.
1975 4044 2200 4117 Fauos
2233 4039 2610 4116 conficiunt
