2917 4959
711 481 1374 556 DE·-AN1MAL
1436 479 1719 556 HlsT.
1780 489 1897 558 111.
1955 491 2113 562 15.·
2252 519 2385 587 1¹7

401 673 690 770 nigrior.
797 669 918 742 Pal
924 673 1102 773 pitat
1175 669 1497 742 omnium
1580 667 1905 755 similiter
1972 657 2386 756 animaliurn

392 805 678 904 sanguis
713 803 788 875 in
821 805 1031 880 venis.
1116 803 1326 878 Solus
1355 803 1741 876 humorum
1774 828 2107 904 perpetuo
2138 831 2205 884 et
2238 833 2383 888 toto

388 939 474 1010 in
501 965 798 1037 corpore
817 938 1280 1011 animantium
1307 939 1517 1030 inest,
1548 939 1891 1037 quamdiu·
1910 942 2123 1016 vitam
2142 969 2373 1044 agunt.

385 1073 480 1145 ‘In
513 1070 726 1144 corde
759 1072 1168 1144 animalium
1208 1073 1522 1168 primum
1555 1074 1832 1170 sanguis
1866 1059 2211 1172 gignitur}
2265 1099 2377 1150 at-

391 1234 538 1305 que
585 1205 758 1277 adeo
811 1205 1224 1304 prinsquam
1269 1229 1523 1302 corpus
1580 1207 1815 1304 ipsum
1856 1208 2369 1284 dearticuletur.

399 1341 480 1412 Si
531 1339 932 1438 plusculum
979 1359 1170 1410 exeat
1209 1338 1595 1434 sanguinis,
1648 1367 1827 1438 quae
1864 1367 1947 1415 eo
1978 1343 2377 1440 priuantur‚'

403 1475 634 1550 anima
683 1471 1100 1545 deficiantur
1111 1499 1134 1567 3
1199 1473 1260 1543 si
1305 1472 1613 1545 multum
1648 1456 1897 1565 nimiSJ
1947 1449 2251 1548 animam
2284 1505 2368 1548 a-

397 1608 700 1680 mittunt.
803 1606 882 1678 Si
913 1595 1124 1680 nimis
1154 1605 1570 1704 eliquescat,
1623 1589 2010 1704 aegrotant:
2063 1635 2367 1708 namque

391 1743 468 1814 in
507 1765 832 1814 cruorem
877 1765 1190 1812 set-osum
1224 1727 1372 1812 abit‘
1415 1735 1625 1832 adeo,
1676 1759 1751 1813 vt
1790 1739 2091 1840 quidam
2109 1769 2368 1816 cruen-

387 1894 544 1945 tum
582 1870 896 1947 sudarint
921 1872 1270 1949 sudorem.
1355 1873 1461 1946 Ita
1486 1878 1655 1948 'cum
1693 1871 1957 1947 effluxit
1984 1873 2367 1974 aliquibus,

393 2026 514 2078 aut
549 2007 836 2080 omnino
865 2031 1016 2081 non
1043 2007 1428 2101 concretrit,
1483 2028 1601 2084 aut
1637 2007 1869 2106 aliqua
1898 2027 2173 2088 tantum
2206 2034 2367 2107 pars
2420 2046 2429 2052 ·

386 2141 476 2211 ab
507 2139 664 2212 aliis
688 2140 1008 2240 partibus
1039 2163 1362 2238 separata.
1449 2142 1537 2215 In
1566 2167 1811 2216 somno
1840 2142 2151 2239 corporis
2184 2169 2353 2238 par-

386 2265 504 2346 tes
550 2272 865 2347 extimae·
903 2271 1138 2344 minus
1191 2273 1507 2350 obtinent
1563 2271 1919 2373 sanguinis
1934 2263 1967 2347 τ’
2016 2274 2249 2375 imque
2300 2276 2363 2350 si

386 2425 746 2508 pungatur
773 2403 1128 2481 dormiens
1144 2462 1166 2501 ‚
1217 2405 1414 2481 haud
1441 2438 1658 2510 aeque
1688 2411 1845 2484 fluit
1875 2408 2171 2506 sanguis.
2250 2409 2357 2485 Ex

384 2540 712 2641 perfectis
753 2539 1114 2618 ichorihus
1163 2544 1244 2616 fit
1282 2546 1601 2643 sanguis3
1668 2571 1707 2616 e
1748 2543 2077 2641 sanguine
2123 2543 2354 2642 adeps.

381 2661 656 2752 vitiato
701 2667 1036 2776 sanguine
1081 2679 1166 2750 fit
1203 2678 1425 2752 fluxio
1446 2733 1469 2773 ,
1548 2665 1763 2778 quam
1812 2675 2064 2749 Graeci
2108 2699 2359 2750 vocant

371 2809 936 2886 haemorrhoida
955 2865 976 2904 ‚
997 2857 1006 2866 ·
1027 2831 1104 2884 vt
1133 2837 1174 2884 e
1205 2813 1527 2906 naribus,
1576 2835 1647 2886 et
1672 2815 1748 2886 in
1778 2809 2121 2901 mariscis,
2174 2829 2241 2882 et
2265 2807 2358 2883 ad

371 2947 666 3020 varices.
735 2945 1176 3020 Putrefactus
1203 2949 1481 3044 sanguis
1508 2949 1591 3020 fit
1621 2969 1787 3046 pus:
1839 2973 1923 3020 ex
1955 2943 2095 3018 hoe
2122 2963 2358 3017 autem

383 3079 466 3152 id
493 3077 696 3178 quod
713 3079 962 3154 Graeci
997 3107 1276 3182 porum,
1307 3107 1438 3154 nos
1465 3106 1835 3180 possumus
1862 3077 2093 3149 dicere
2126 3077 2357 3149 tofiim

384 3233 512 3286 aut
559 3211 840 3288 callum.
935 3207 1384 3292 Feminarum
1428 3215 1707 3312 sanguis
1755 3240 1795 3286 a
1839 3209 2035 3288 virili
2072 3209 2351 3286 differt:

379 3346 686 3422 crassior
715 3350 902 3422 enim
930 3377 1010 3423 ac
1037 3349 1306 3450 nigrior
1339 3370 1475 3444 est,
1539 3349 1945 3448 aequalibus
1978 3369 2049 3419 et
2078 3348 2355 3421 valetu-

375 3481 692 3558 dinibus
730 3503 826 3556 et.
853 3483 1184 3558 aetatibus
1237 3484 1430 3557 'inter
1476 3511 1553 3559 se
1606 3481 2041 3583 comparatis.
2140 3481 2235 3556 Et
2274 3479 2354 3552 in

378 3643 654 3692 summo
699 3645 1000 3718 corpore
1044 3619 1284 3692 minus
1323 3619 1587 3692 habent
1628 3609 1981 3716 sanguinis
2025 3605 2350 3707 feminae,

379 3749 574 3822 intus
599 3749 778 3848 plus.
881 3751 1074 3827 Inter
1119 3752 1432 3830 femellas
1476 3751 1855 3827 animantes
1884 3748 2151 3822 mulier·
2185 3745 2355 3845 plu-

382 3878 664 3956 rimum·
689 3883 900 3960 habet
941 3879 1291 3988 sanguinis
1306 3944 1327 3983 ‚
1392 3887 1841 3988 plurimaque
1889 3885 1956 3960 ei
2002 3899 2357 3953 menstrua

371 4014 634 4096 fluunt.
685 4019 758 4098 Is
785 4023 1068 4123 'sanguis
1082 4075 1104 4120 ‚
1147 4023 1208 4097 si
1239 4023 1549 4122 vitietur,
1586 4041 1875 4098 vocatur
1902 4003 2355 4118 profluuium.

2418 2154 2467 2216 4·
