2917 4959
610 492 768 568 388'
1080 516 1087 522 ’
1210 488 1994 561 ARISTOTELIS.
2073 551 2081 559 .

608 676 851 751 Tertio
872 702 1048 750 anno
1074 675 1339 749 furcata
1368 670 1694 747 fundunt.
1783 675 2060 762 Quarto
2095 700 2328 752 autem
2355 708 2588 781 aspe—.

610 812 823 884 riora‘:
874 808 1228 907 quomodo
1272 806 1363 879 ad
1408 827 1682 879 sextum
1731 834 1946 906 vsque
1969 838 2256 885 -annum
2299 842 2570 914 semper

606 940 1088 1041 superaddunt.
1191 938 1466 1014 Exinde
1513 968 1779 1037 semper
1830 940 2082 1016 similia
2123 970 2568 1041 enascuntur,

606 1074 772 1148 adeo
788 1130 809 1168 ,
878 1096 955 1149 vt
1002 1102 1133 1173 per
1170 1095 1434 1149 cornua
1471 1098 1774 1173 nequeas
1817 1092 2104 1149 aetatem
2141 1076 2565 1178 dignoscere.

602 1206 899 1283 vetulos
920 1206 1201 1283 duobus
1218 1208 1667 1307 potissimum
1695 1205 1970 1279 indiciis
1999 1207 2572 1308 deprehendunt:

602 1342 897 1440 quidam
958 1344 1145 1416 enim
1204 1342 1554 1418 dentibus·
1588 1338 1896 1415 omnino·
1933 1366 2206 1438 carent;
2257 1346 2580 1444 ‘quidam

601 1502 865 1572 paucos
906 1473 1199 1548 habent:
1250 1474 1770 1585 propugnacula
1817 1476 2026 1550 etiam
2086 1506 2232 1552 non
2277 1481 2576 1579 amplius

605 1611 1125 1680 subnascuntur:
1227 1608 1409 1680 Sunt
1460 1602 1987 1705 propugnacula
2001 1666 2024 1703 ,
2089 1638 2264 1710 quae
2319 1614 2570 1687 Graeci

605 1761 855 1813 vocant
898 1738 1385 1839 ἅμυντῆραὲ,
1434 1762 1752 1816 nutantes
1796 1771 2121 1842 prorsum
2149 1768 2370 1845 partes
2399 1774 2592 1845 cor-7,

603 1900 863 1965 nuum,
916 1876 1176 1977 quihus
1220 1897 1546 1975 pugnant.
1647 1876 1780 1948 Eas
1823 1850 2040 1953 vetuli
2078 1908 2224 1953 non
2273 1881 2570 1976 habent3

511 2010 553 2071 3
614 2006 736 2080 sed
766 1993 847 2080 in
891 2006 1277 2083 surrectum
1310 2031 1627 2083 crescunt
1669 2038 1914 2085 eorum
1947 2040 2225 2089 cornua.
2325 2016 2570 2089 Amit-·

610 2162 769 2213 tunt
815 2143 1025 2229 annis·
1042 2140 1333 2240 singulis
1366 2169 1628 2216 cornua
1667 2172 1900 2219 mense
1925 2145 2178 2247 Aprili.
2211 2126 2568 2251 ⁹(Tharge-

610 2274 855 2369 lione.)
900 2275 1197 2348 Amissis
1228 2278 1439 2375 latent
1471 2276 1812 2373 interdiu,
1863 2282 1966 2357 vti
1994 2281 2334 2358 diximus.·
2379 2286 2573 2359 Abs-

612 2399 922 2474 condunt
970 2430 1135 2478 -sese
1184 2402 1413 2481 densis
1486 2410 1760 2485 frutetis
1817 2441 2215 2491 muscarum
2271 2419 2571 2501 fastidio.

611 2534 687 2608 N
688 2553 851 2608 octu
878 2534 1222 2610 similibus
1246 2562 1630 2636 pascuntur
1659 2546 1834 2619 locis
1847 2604 1870 2643 ,
1913 2551 2150 2650 quoad
2173 2578 2434 2625 cornua
2457 2582 2574 2628 re·-

613 2688 1005 2751 nascantun
1054 2670 1484 2754 Inchoantur
1508 2682 1819 2781 primum
1845 2686 2046 2782 quasi
2069 2695 2232 2761 cute
2257 2687 2572 2779 obducta,

618 2818 685 2870 et
710 2802 893 2871 fiunt
920 2800 1209 2879 hirsuta.
1268 2808 1498 2887 Aucta
1527 2814 1618 2889 ad
1647 2818 1870 2893 solem
1901 2844 2295 2917 exponunt,
2343 2844 2417 2899 vt
2443 2850 2570 2897 ex-

616 2952 1004 3027 coquantur
1044 2958 1255 3039 atque
1284 2947 1695 3025 exiccentur.
1797 2937 1976 3024 Cum}
2012 2981 2176 3029 vero
2213 2958 2396 3030 inter
2422 2984 2578 3030 sca-

615 3059 927 3137 bendum
956 3068 1044 3143 ad
1069 3076 1349 3152 arbores
1380 3106 1525 3153 non
1551 3081 1852 3179 amplius
1876 3083 2176 3162 dolitant
2190 3142 2210 3183 ,
2261 3112 2430 3165 tunc
2461 3119 2578 3165 re-

615 3189 952 3290 linquunt
985 3201 1139 3279 loca
1180 3210 1557 3305 eiusmodi,
1621 3216 1823 3313 quasi
1855 3217 2156 3296 habeant
2169 3278 2192 3317 ‚
2257 3253 2406 3325 quo
2439 3254 2584 3302 sese

620 3321 993 3404 vindicent.
1042 3340 1193 3413 Iam
1224 3371 1389 3421 vero
1412 3363 1653 3444 captus
1683 3375 1932 3427 ceruus
1953 3352 2053 3429 est
2077 3356 2416 3451 achaiae-s,
2451 3388 2584 3456 ge·-

623 3484 779 3531 rens
808 3462 883 3535 in
910 3471 1240 3545 cornibus
1264 3500 1538 3553 enatam
1569 3480 1898 3561 hederam
1927 3492 2225 3561 multum
2253 3490 2616 3588 viridem,-

622 3596 823 3689 quasi
852 3626 1065 3699 quae,
1114 3631 1281 3681 cum
1310 3614 1565 3689 tenella
1593 3639 1847 3714 essent,
1896 3622 2127 3697 innata
2173 3625 2384 3699 fuerit
2405 3648 2582 3701 tan-

523 3738 568 3801 4
628 3748 843 3821 quam
871 3732 947 3806 in
976 3738 1225 3815 arbore
1248 3744 1480 3821 viridi.
1563 3750 1774 3825 Cerni
1809 3780 1846 3824 a
1879 3752 2256 3859 phalangio
2295 3772 2412 3835 aut
2439 3764 2582 3835 ali-
