2917 4959
575 407 670 481 54
828 480 836 489 ,
1163 400 1905 505 ΑΒιεΤοξΓΕιιε
2026 427 2036 441 ·

579 620 693 688 ea,
741 586 1328 695 quemadmodum
1355 606 1424 660 et
1445 583 1665 661 homo
1680 638 1701 676 ,
1753 582 1831 657 in
1856 582 2198 658 anteriore
2218 603 2415 683 parte
2426 586 2543 668 ai.-

579 742 736 801 tum
762 724 1094 799 obtinent.
1159 720 1441 793 Habent
1466 719 1829 791 cerebrum
1858 717 2091 791 omnia
2105 772 2124 810 ,
2174 742 2355 817 quae
2374 744 2547 791 san-

585 861 868 959 guinem
898 854 1191 929 habent:
1239 849 1505 925 adhaec
1532 851 1903 925 mollusca:
1944 872 2248 925 ceterum
2270 849 2549 927 homini

585 1020 720 1093 pro
762 992 912 1065 eius
947 982 1420 1085 magnitudine
1462 986 1643 1061 inest
1670 984 2055 1059 maximum
2086 1006 2153 1059 et
2192 984 2553 1059 humidis*

590 1126 864 1199 simum.
963 1124 1256 1199 Duabus
1281 1138 1513 1193 autem
1534 1120 1955 1193 membranis
1977 1121 2392 1215 continetur,
2443 1122 2554 1194 ³12-

595 1280 740 1333 tera
783 1257 1156 1351 validiore,
1203 1280 1388 1353 quae
1429 1255 1696 1329 circum
1732 1280 1811 1329 os
1858 1274 1997 1347 est,
2064 1254 2274 1329 altera
2316 1255 2551 1327 minus

595 1390 857 1489 valida,
925 1418 1100 1492 quae
1143 1388 1376 1487 ipsum
1425 1389 1661 1461 ambit.
1762 1388 2197 1485 Bipartitum-
2223 1390 2555 1484 amnibus

599 1528 960 1602 cerebrum
1001 1545 1140 1617 est3
1219 1521 1444 1617 eique'
1484 1540 1915 1617 postremum
1972 1520 2379 1595 adiunctum
2438 1521 2517 1594 id
2532 1574 2555 1613 ‚

599 1657 796 1761 quod
831 1658 1244 1753 oet-ebenum
1291 1654 1639 1752 appellant
1653 1708 1675 1747 ,
1723 1680 1887 1731 cum
1935 1673 2117 1728 tactu
2168 1676 2323 1727 tum
2354 1680 2561 1752 aspe-

599 1814 718 1867 ctu
765 1790 1110 1868 diuersam
1156 1790 1454 1864 formam
1514 1786 1795 1863 hahens.
1898 1787 2163 1887 Capitis
2212 1807 2559 1886 postrema

599 1954 762 2027 pars
803 1928 1132 2003 omnibus
1171 1926 1429 2016 inanis,
1478 1943 1547 1997 et
1572 1949 1741 1995 caua
1762 1949 1897 2020 pro
1924 1922 2259 2021 cuiusque
2282 1921 2561 2021 magni-

601 2058 865 2135 tudine.
966 2058 1154 2134 Nam
1195 2082 1647 2159 quaecunque
1688 2052 1987 2131 rotunda
2022 2054 2195 2129 faeie
2222 2076 2385 2129 sunt
2397 2108 2419 2147 ,
2470 2056 2557 2128 iis

603 2216 812 2297 caput
854 2220 1016 2269 sane
1058 2220 1424 2292 magnum,
1473 2217 1716 2267 verum
1758 2189 1961 2263 facies
2004 2190 2256 2289 pusilla
2298 2190 2561 2263 mbest:

606 2354 782 2426 quae
821 2354 988 2402 vero
1035 2312 1346 2401 maxillas
1377 2327 1779 2425 praelongas
1805 2321 2067 2404 habent
2080 2308 2135 2415 's
2152 2323 2414 2399 horum
2438 2352 2563 2397 ca-

604 2479 734 2558 put
761 2484 1060 2555 paruum
1094 2480 1227 2551 est3
1281 2460 1487 2556 quale
1522 2456 1849 2529 iumentis
1877 2456 2224 2529 omnibus.
2324 2458 2563 2533 Exan-

604 2618 738 2691 gue
767 2592 1093 2665 omnibus
1122 2592 1487 2663 cerebrum
1518 2610 1618 2661 est
1634 2643 1655 2681 ,
1704 2615 1785 2661 ac
1812 2612 1899 2660 ne
1925 2587 2139 2663 vllam
2168 2587 2455 2688 quidem
2484 2592 2561 2667 in

606 2752 679 2800 se
715 2750 962 2802 venam
1006 2723 1244 2800 habet:
1295 2745 1448 2799 tum
1492 2743 1719 2795 autem
1760 2740 1999 2819 suapte
2039 2741 2282 2795 natura
2318 2720 2411 2797 ad
2446 2744 2559 2797 ta·-

603 2881 794 2932 ctum
840 2858 1193 2955 frigidum.
1297 2857 1525 2931 Habet
1568 2878 1795 2931 autem
1832 2856 1909 2930 in
1949 2852 2180 2930 medio
2220 2857 2559 2955 pusillum

602 3020 856 3065 cauum
883 2989 1240 3091 quoddam
1256 3044 1278 3082 ‚
1319 2992 1557 3091 paucis
1584 2992 1879 3091 exeeptis
1904 2991 2333 3065 animalibus.
2434 2992 2559 3067 Est

601 3147 865 3219 autem,
907 3155 1045 3227 qua
1075 3114 1393 3199 amicituf·
1423 3126 1785 3199 cerebrum
1801 3181 1822 3218 ,
1860 3128 2259 3201 membrana
2284 3152 2559 3223 venosa,

599 3258 774 3330 cutis
807 3286 837 3329 s
843 3260 1049 3355 pecie.
1123 3260 1350 3358 Super
1384 3262 1747 3334 cerebrum
1774 3261 2171 3337 tenuissima
2200 3283 2405 3361 atque
2434 3262 2556 3355 iu<-

594 3392 990 3465 firmissima
1036 3392 1280 3489 capitis
1321 3420 1513 3490 par-⁴3,
1567 3422 1645 3467 os
1676 3414 1810 3487 est,
1860 3398 1985 3496 qui
2015 3418 2247 3473 vertex
2272 3392 2547 3466 dicitur.

497 3526 538 3587 4
592 3522 763 3599 Tres
793 3546 1054 3599 meatus
1085 3527 1173 3597 ab
1203 3527 1406 3601 oculo
1433 3529 1691 3603 ferunt:
1724 3556 1973 3605 eorum
2003 3528 2336 3601 minimus
2350 3581 2373 3620 ,
2424 3527 2549 3626 qui

587 3658 904 3755 proxime
927 3686 1184 3748 ‚nasum
1215 3680 1346 3752 est,
1395 3660 1487 3735 ad
1511 3664 1904 3741 cerebrum:
1940 3659 2191 3761 reliqui
2222 3657 2365 3732 duo
2394 3684 2553 3733 ma-

581 3791 810 3867 ximus
847 3814 915 3867 et
941 3792 1272 3868 minimus
1297 3792 1384 3867 ad
1415 3798 1846 3887 cerebellum.
1929 3796 2037 3871 Ac
2064 3793 2353 3871 maximi
2380 3793 2549 3895 qui-

583 3921 741 3999 dem
781 3928 1049 4029 aequali
1083 3928 1264 4005 inter
1293 3954 1364 4004 se
1397 3928 1651 4005 distant
1681 3932 1906 4033 spatio
1922 3985 1944 4025 ‚
1995 3956 2221 4033 neque
2254 3949 2539 4007 coeunt:
