2917 4959
719 454 856 524 DE
916 444 1384 576 ᾼΝῘΜΑΙι.
1445 454 1729 525 HlsT.
1780 458 1871 527 V.
1930 478 2041 527 20.
2198 480 2335 553 217

353 642 560 741 -ipsae
591 636 966 713 deum-ant:
1028 635 1623 737 quemadmodum
1639 692 1659 731 ,
1710 640 1771 711 si
1806 640 2061 713 fucum
2098 642 2343 719 adem·-¹

361 776 456 850 'tis
484 774 608 847 alis
632 775 976 867 emiseris,
1025 794 1414 849 ceterorum
1441 772 1629 870 ipsae
1660 774 1947 849 erodent
1978 776 2139 851 alas.
2195 779 2339 854 Vi:-
2400 790 2434 847 8

365 932 539 989 vunt
565 934 784 981 annos
803 934 920 981 sex
951 908 1294 1007 quaedam
1329 906 1450 981 vel
1478 928 1753 1005 septem.
1857 909 2073 997 Quod
2106 913 2167 983 si
2202 910 2341 985 du-

361 1067 466 1117 rat
515 1066 803 1118 examen
825 1064 832 1073 ·
851 1067 1115 1117 nouem
1164 1040 1493 1114 deeemue
1507 1094 1528 1132 ‚
1593 1041 1783 1117 bene·
1820 1064 2051 1120 actum
2097 1040 2338 1121 secum

343 1198 626 1277 putant.
687 1222 695 1227 -
733 1177 822 1248 In
871 1174 1102 1247 Ponto
1149 1200 1366 1271 genus
1429 1198 1643 1269 apum
1682 1174 1897 1248 valde
1932 1179 2335 1275 candidum,
2480 1267 2490 1275 ‚

357 1340 542 1412 quae
587 1311 700 1382 bis
731 1310 809 1382 in
855 1332 1092 1379 mense
1131 1306 1531 1381 mellificare
1569 1307 1813 1381 solent.
1913 1311 2001 1383 In
2034 1314 2337 1389 Themi-

357 1472 565 1546 scyra
595 1444 686 1517 ad
702 1438 1300 1517 Thermodontem
1327 1441 1631 1514 fluuium
1658 1463 1799 1515 tam
1832 1444 1908 1517 in
1928 1467 2109 1519 terra
2125 1439 2337 1548 quam

339 1580 436 1653 ‘in
479 1578 698 1651 alueis
723 1578 940 1652 *fanos
989 1594 1432 1667 construunt,
1482 1574 1561 1649 in
1612 1578 1870 1677 quibus
1916 1608 2139 1679 pauca
2182 1608 2337 1657 cera

351 1710 742 1787 admodum
757 1754 794 1807 ‚·
811 1712 952 1785 mel
977 1736 1284 1783 crassum
1298 1762 1320 1803 ,
1359 1708 1563 1783 fanus
1583 1713 1805 1788 'laeuis
1840 1737 2045 1815 atque
2073 1743 2337 1816 aequa-

345 1847 445 1921 -lis
463 1868 593 1923 est.
675 1845 840 1920 Hoc
865 1867 1093 1919 tamen
1125 1866 1272 1919 non
1303 1868 1578 1945 semper
1606 1844 1873 1923 faciunt
1887 1904 1909 1942 ,
1960 1848 2082 1924 sed
2102 1849 2336 1927 hieme

358 2003 651 2056 tantum.
719 1996 726 2003 ’
754 1978 1033 2053 Hedera
1071 1978 1260 2053 enim
1291 1977 1404 2051 his
1436 1979 1621 2053 locis·
1655 1984 1915 2076 multa,
1966 2010 2005 2054 a
2039 2012 2177 2083 qua
2206 2014 2335 2084 per

337 2117 430 2189 'id
461 2136 738 2215 tempus
785 2118 1190 2189 florescente
1221 2115 1363 2188 mel
1393 2112 1649 2210 legunt.
1750 2116 1813 2189 E
1856 2119 2335 2215 superioribus

297 2274 305 2279 ·
343 2247 892 2349 (interioribus
917 2247 1675 2345 vel'mediterraneis)
1700 2250 1871 2323 locis
1902 2251 1974 2322 in
2004 2250 2335 2327 Amisum

342 2386 670 2461 'defertur
701 2379 844 2455 mel
881 2376 1258 2453 candidum
1288 2402 1356 2454 et
1395 2381 2083 2478 inprimiscrassum,
2136 2386 2333 2485 quod

341 2542 518 2622 'apes
545 2536 918 2617 operantur
944 2514 1092 2586 sine
1119 2515 1298 2586 fauis
1333 2515 1407 2589 in
1437 2514 1803 2589 arboribus
1818 2544 1845 2591 :-
1890 2522 2099 2618 quale
2122 2521 2333 2597 etiam

339 2663 430 2735 ‘in
461 2642 690 2732 Pon‘zo
721 2649 886 2723 alibi
919 2675 1206 2750 quoque
1236 2673 1353 2725 ωε.
1443 2650 1627 2723 Sunt
1656 2652 1867 2725 etiam
1902 2680 2061 2750 apes
2078 2710 2099 2746 ‚
2150 2621 2333 2753 (iuno

349 2798 426 2869 in
473 2815 659 2869 terra
707 2784 1016 2883 triplices
1065 2784 1382 2862 condunt
1433 2784 1675 2877 fauos3
1756 2783 1834 2856 in
1885 2787 2143 2883 quibus
2192 2792 2331 2865 mel

349 2928 636 3029 quidem
663 2928 980 3015 inuenias
997 2979 1020 3018 ,
1058 2920 1179 2995 sed
1205 2945 1514 2997 vermem
1541 2917 1840 2991 nullum.
1876 2921 2167 3037 ‘Verum
2194 2952 2329 2999 ne-

353 3091 495 3164 que
518 3090 760 3139 omnes
789 3062 936 3137 faui
967 3060 1132 3135 tales
1149 3113 1170 3153 ,
1211 3080 1442 3155 neque
1474 3078 1721 3130 omnes
1748 3080 1909 3154 apes
1932 3052 2011 3126 id
2042 3056 2331 3135 faciuntss

421 3299 484 3373 C
511 3296 583 3372 A
609 3296 688 3373 P.
773 3296 950 3371 XX.
1034 3292 1270 3390 (vulgo
1339 3290 1624 3366 XXIII.
1706 3290 2014 3391 Scaliger
2082 3319 2262 3369 con..

909 3430 1140 3512 ¹tinuat
1218 3426 1451 3499 CAP.
1528 3422 1771 3523 XIX.)

454 3606 464 3623 ”
481 3604 894 3677 crabrones
921 3622 1040 3673 ves
1045 3622 1312 3696 paeque
1337 3593 1743 3693 (anthrenae
1771 3592 2176 3693 etspheces)
2211 3592 2325 3666 fn·-

347 3752 478 3815 ‘vos
491 3737 950 3816 exaedificant
975 3732 1210 3834 pullis·
1225 3732 1368 3805 suis
1381 3787 1403 3828 ,
1455 3730 1516 3803 si
1535 3732 1809 3807 ducem.
1824 3726 2129 3801 habeant
2152 3726 2327 3800 nul-

349 3878 506 3947 lum
520 3928 541 3968 ,
575 3893 890 3971 ‘eumque
917 3868 1228 3969 palantes
1255 3890 1625 3967 quaerant:
1656 3894 1761 3943 ·ac
1790 3866 2123 3941 erabonae
2150 3860 2323 3961 qui-

351 4008 514 4087 dem
545 4009 622 4084 in
649 4006 942 4087 sublimi
963 4005 1138 4081 loco·-
1157 4004 1428 4104 aliquo,
1455 4003 1809 4105 vespaein
1842 3996 2317 4077 foraminibus
