2917 4959
654 461 843 532 ²432
1304 455 2058 532 ARISTOTELls
2168 441 2182 469 ”

514 673 519 678 ·
609 652 682 716 13
700 638 990 715 euadere
1002 659 1244 741 potest.
1344 637 1567 740 Reges
1594 639 1744 716 non
1766 640 2091 720 visuntur
2117 645 2475 719 extra-nisi
2505 671 2674 722 cum

651 808 663 817 ·
700 775 1035 884 exercitu:
1088 803 1233 874 quo
1264 797 1576 876 tempore
1601 777 1922 877 migrant,
2021 775 2133 853 Ac
2163 801 2334 854 tunc
2365 781 2676 881 reliquae

652 941 657 948 ·
694 915 857 1014 apes
924 909 1480 1010 conglomeratae
1523 937 1710 985 eum
1806 912 2079 1013 stipant.
2115 935 2132 954 ·
2189 913 2676 1013 'Emigraturis

693 1075 829 1125 vox
860 1045 1237 1144 singularis
1274 1073 1355 1118 ac
1382 1067 1584 1120 certa·
1602 1043 1873 1149 aliquot
1901 1048 1993 1123 ad
2048 1047 2192 1124 dies
2234 1051 2496 1123 oritur:
2561 1069 2678 1122 at-

692 1209 835 1282 que
859 1179 1168 1254 biduum
1195 1200 1316 1254 aut
1346 1179 1678 1257 triduum·
1699 1206 1855 1258 ante
1899 1209 2156 1284 paucae
2200 1184 2482 1258 alueum
2525 1183 2680 1257 cir-

694 1316 1177 1392 cumuolitant.
1280 1313 1400 1389 An
1436 1342 1605 1394 vero
1633 1317 1816 1393 inter
1839 1345 1949 1394 eas
1997 1334 2118 1394 rex·
2161 1319 2250 1394 sit
2264 1373 2286 1412 ,
2332 1316 2674 1394 :nondum

698 1455 792 1528 ob
831 1448 1308 1525 difficultatem
1350 1447 1427 1522 id
1469 1471 1566 1524 est
1595 1447 2065 1552 ‘perspectum
2214 1454 2420 1528 Cum·
2448 1473 2672 1526 autem

558 1689 563 1696 Ι
694 1604 1138 1684 congregatae
1181 1604 1382 1678 sunt,
1448 1585 1738 1660 molant
1772 1587 1898 1681 ita,
1977 1609 2057 1664 vt
2102 1588 2284 1664 aliae
2309 1591 2314 1598 ’
2337 1615 2500 1662 cum
2545 1611 2682 1658 suo

690 1745 1010 1820 quaeque
1036 1715 1219 1812 duce
1266 1737 1686 1816 separentur.
1791 1719 2012 1808 Quod
2050 1724 2110 1796 si
2153 1749 2418 1823 paucae
2455 1725 2676 1821 prope

688 1856 1085 1953 frequentes
1116 1851 1556 1928 consederint
1571 1908 1592 1948 ,
1661 1854 2012 1954 emigrant
2052 1862 2140 1931 ad
2187 1857 2446 1932 malias
2491 1877 2676 1956 pau-⁶

528 2024 535 2036 ·
648 2027 653 2031 ·
690 2017 857 2085 cae‚·
875 2017 979 2062 ·ac
1022 2014 1287 2087 regem,
1354 1989 1569 2091 quem
1618 1989 2017 2080 deseruere,
2077 1993 2138 2064 si
2181 2009 2676 2087 consequatur,

652 2165 661 2172 ·
692 2123 1123 2202 iutefimuiit.
1205 2151 1213 2158 ·
1252 2123 1374 2198 Sic
1414 2122 1634 2222 igitur
1679 2146 1748 2199 et
1791 2128 2193 2226 relinquunt
2237 2122 2546 2196 aluearia
2597 2140 2682 2194 et

596 2275 677 2343 14
694 2263 999 2334 abeunt·
1027 2255 1251 2355 Operi
1282 2284 1452 2333 vero
1483 2261 1659 2335 aliae
1685 2261 1810 2334 alii
1831 2261 2212 2362 praefectae
2239 2277 2418 2330 sunt.
2481 2252 2678 2328 Nam

686 2394 863 2468 aliae
906 2393 1118 2463 flores
1166 2391 1405 2464 ferunt
1418 2445 1441 2484 ‚
1523 2393 1700 2467 aliae
1743 2403 2041 2496 aquam3
2121 2395 2298 2468 aliae
2327 2388 2676 2487 laeuigant

612 2612 622 2621 ¹
688 2558 775 2604 ac
828 2526 1143 2625 dirigunt
1206 2525 1423 2599 fanos.
1528 2522 1830 2626 'Aquari
1883 2551 2122 2603 autem
2163 2528 2390 2602 solent
2403 2580 2424 2617 ,
2513 2549 2672 2596 cum

692 2665 892 2738 alunt
922 2660 1216 2737 soboles.
1260 2657 1265 2660 ’
1321 2659 1670 2734 Carnibus·
1685 2661 1954 2736 nullius
1986 2663 2312 2734 animalis
2341 2657 2670 2751 insidunt,

689 2822 921 2895 neque
948 2796 1326 2870 obsonium
1367 2817 1724 2895 appetunt.
1825 2797 1998 2873 Non
2041 2821 2484 2872 consueuere·
2501 2813 2674 2868 stato

689 2951 1007 3030 tempore
1033 2948 1214 3030 opus
1240 2930 1568 3030 incipere.
1669 2931 1812 3006 Sed
1841 2933 1900 3006 si
1933 2959 2078 3007 non
2107 2929 2340 3005 desint
2365 2931 2675 3004 necessa-

692 3063 799 3138 ria
828 3084 900 3138 et
923 3066 1104 3138 bene
1132 3063 1421 3158 valeant,
1475 3064 1712 3162 potius
1735 3093 1900 3142 vere
1937 3064 2440 3166 aggrediuntur
2457 3086 2675 3160 opus:

689 3195 891 3296 quod
924 3224 1087 3270 sane
1127 3195 1369 3298 tepido
1402 3219 1718 3296 tempore
1750 3199 2209 3278 intermittere
2241 3201 2388 3276 n'on
2429 3195 2686 3272 solent·

692 3319 891 3419 Quin
932 3331 1144 3404 etiam
1188 3331 1566 3440 iuuencuia
1614 3336 1894 3435 apicula
1929 3337 2134 3413 tertio
2177 3334 2416 3406 statim
2464 3357 2680 3430 quam

691 3463 1035 3566 prodierit
1062 3464 1178 3541 die
1208 3489 1562 3567 operatur,
1603 3469 1822 3546 modo
1855 3473 2090 3544 cibum
2120 3465 2387 3538 habeat.
2473 3463 2682 3540 Con--⁴

693 3601 969 3677 sistente
994 3601 1201 3676 etiam
1229 3604 1602 3700 examine,'
1637 3602 1974 3704 quaedam
2006 3603 2084 3675 in
2116 3619 2396 3701 pastum
2423 3595 2678 3674 diuer-

651 3747 940 3812 '‘tunnu-
956 3765 995 3832 3·
1029 3760 1237 3838 atque
1268 3737 1439 3814 inde
1484 3741 1762 3811 rursum
1811 3755 2138 3811 remeant.
2255 3729 2338 3806 si
2387 3758 2676 3808 examen

652 3925 667 3944 .
692 3867 873 3944 hene
914 3871 1133 3966 valet,
1217 3879 1432 3973 ap‘um
1471 3873 1700 3970 proles
1741 3898 1890 3945 non
1935 3869 2172 3946 deficit
2213 3867 2501 3960 (labor-
2531 3893 2672 3942 non

662 4033 669 4044 ·
695 4013 907 4084 cessat
924 4004 997 4102 7)
1030 4007 1231 4107 εῑιιῖιεὶ
1262 4009 1536 4090 circiter
1577 4003 2040 4108 quadraginta
2063 4003 2352 4108 diebus
2377 4023 2666 4084 tantum,
