2917 4959
659 500 803 569 DE
855 498 1344 571 ANIMAL.
1394 500 1680 573 HIST.
1729 505 1855 576 IX.
1916 510 2034 579 16.
2225 514 2372 587 405

366 704 473 758 ter
520 680 1001 782 diist-angitur,
1087 682 1265 757 sicut
1317 703 1387 758 et
1434 682 1882 765 halosachne.
2006 690 2366 770 Ostiolum

361 838 735 931 angustum
768 817 1017 913 habet,
1085 826 1433 919 quantum
1474 822 1638 893 satis
1686 822 1775 896 sit
1824 822 1915 898 ad
1968 825 2359 923 ingressum

352 952 728 1050 pusillum3
780 951 992 1047 adeo,
1044 954 1166 1029 vbi
1200 952 1640 1027 subuertitur
1669 984 1899 1051 mare,
1950 980 2027 1036 vt
2077 990 2168 1035 ne
2203 984 2354 1037 tum

348 1084 640 1184 quidem
693 1087 1146 1185 ingrediatur.
1292 1084 1643 1161 Cauernas
1709 1089 1896 1164 intus
1943 1092 2193 1190 hahet,
2277 1124 2350 1177 vt

344 1220 697 1334 spongiae.
799 1207 1149 1293 Dubitant
1160 1218 1251 1294 de
1265 1220 1554 1294 materia
1573 1221 1741 1297 eiuS.
1843 1224 2152 1303 Videtur
2179 1258 2346 1308 vero

343 1380 429 1427 ex
461 1353 765 1427 aciculae
795 1354 1155 1453 (belonae)
1181 1354 1399 1454 spinis
1429 1342 1702 1428 ccnfici.
1803 1356 2123 1435 Piscibus
2154 1366 2344 1441 enim

338 1485 625 1563 victitat.
740 1488 951 1564 Subit
1001 1489 1210 1564 etiam
1260 1490 1539 1565 fluuios.
1659 1490 1852 1565 Parit
1889 1496 2340 1593 potissimum

334 1648 472 1694 oua
502 1622 835 1723 quinque.
945 1622 1306 1710 Quamdiu
1342 1624 1556 1717 viuit,
1609 1623 1955 1701 fbecunda
2023 1652 2158 1705 est:
2211 1632 2335 1707 in—
2405 1636 2410 1641 ’

333 1753 508 1853 cipit
533 1778 766 1831 autem
797 1780 1049 1858 quarto
1078 1758 1315 1833 aetatis
1340 1784 1595 1839 mense.

432 1990 669 2069 cAP.
722 1994 931 2071 XVI.
996 1994 1243 2095 (vulgo
1290 1996 1466 2071 XV.
1537 1994 1896 2093 Scaligero
1943 1996 2224 2088 XXII.)

468 2160 712 2260 Epops
731 2160 1023 2261 (vpupa)
1038 2161 1291 2235 nidum
1320 2164 1462 2237 fere
1491 2163 1654 2235 facit
1681 2189 1763 2237 ex
1789 2162 2107 2237 humano
2139 2184 2320 2236 ster-

323 2318 505 2367 core.
607 2294 838 2368 Mutat
871 2296 1121 2371 faciem
1156 2316 1403 2370 aestate
1441 2318 1509 2370 et
1522 2294 1776 2389 hieme,
1814 2296 1992 2369 sicut
2026 2318 2098 2370 et
2136 2297 2314 2369 alia-

322 2456 483 2501 rum
512 2429 885 2527 agrestium
922 2430 1163 2504 auium
1207 2430 1571 2529 plurimae.
1689 2427 2104 2528 Aegithalus
2147 2439 2312 2528 (pa-

318 2588 438 2634 rus
474 2562 771 2661 Gazae)
801 2566 1005 2663 parit,
1055 2588 1132 2644 vt
1160 2564 1391 2657 aiunt,
1444 2590 1578 2636 oua
1611 2562 1936 2662 plurima.
2054 2562 2309 2663 Aliqui

315 2698 523 2771 etiam
554 2726 593 2771 a
628 2697 1179 2801 melancorypho
1196 2696 1506 2798 plurima
1524 2692 1637 2769 edi
1668 2716 2052 2787 autumant,
2106 2724 2310 2793 prac-
2415 2728 2425 2737 ·

287 2832 416 2907 ‘ter
444 2832 911 2908 struthionem
951 2832 1231 2905 Afrum.
1333 2830 1617 2904 Etenim
1659 2826 1749 2900 ad
1777 2849 2039 2926 septem
2073 2850 2141 2902 et
2167 2828 2302 2903 de-

308 2992 463 3041 cem
510 2966 655 3040 visa
717 2988 897 3041 sunt.
1019 2964 1159 3040 Sed
1208 2963 1568 3040 enimuero
1615 2962 1826 3037 etiam
1865 2964 2071 3061 plura
2099 2966 2298 3061 parit

306 3126 525 3200 quam
570 3098 853 3197 viginti:
920 3126 1325 3199 semperque
1386 3098 1701 3197 imparia.
1847 3095 2186 3172 Nidificat
2227 3120 2294 3173 et

304 3232 435 3306 hic·
458 3233 533 3305 in
566 3232 957 3325 arboribus,
1009 3248 1073 3307 e't
1089 3260 1355 3310 vermes
1393 3232 1807 3331 depascitur.
1908 3230 2294 3330 Proprium

300 3388 368 3443 et
389 3366 563 3441 huic
590 3386 656 3442 et
684 3366 1016 3441 lusciniae
1052 3388 1322 3466 praeter
1366 3368 1536 3440 alias
1589 3396 1783 3460 aueS‚
1861 3394 2094 3441 carere
2142 3367 2292 3439 lin-

298 3528 471 3603 guae
500 3530 857 3578 mucrone.
973 3500 1319 3602 Aegithus
1368 3498 1594 3578 victus
1645 3500 1972 3576 facilitate
2021 3519 2085 3572 et
2129 3500 2290 3571 foe—
2353 3480 2360 3487 ⁵

301 3638 655 3712 cunditate
688 3634 1041 3737 praeditus
1086 3656 1216 3711 est:
1270 3635 1403 3710 sed'
1433 3635 1610 3738 pede
1655 3639 1874 3710 altero
1917 3631 2278 3705 claudicat.

301 3770 598 3845 Chlorio
632 3770 917 3869 (viride)
950 3772 1201 3846 docilis
1232 3795 1334 3847 est
1362 3784 1437 3847 et‘
1456 3770 1844 3847 industrius
1873 3763 1963 3839 ad
1989 3765 2278 3861 victum,

295 3900 419 3976 sed
470 3904 705 3977 minus
756 3928 955 4004 aptus
1001 3906 1088 3979 ad
1140 3898 1564 4000 volandum,
1645 3926 1712 3978 et
1754 3901 1990 3977 colore
2041 3898 2278 4010 minus

294 4036 539 4113 nitido.
648 4036 923 4137 [Vulgo
971 4038 1141 4139 Cap.
1178 4040 1427 4140 xvh]
1529 4038 1748 4113 Helea
1765 4091 1787 4130 ‚
1839 4035 1899 4107 si
1945 4058 2096 4133 qua·
2133 4032 2272 4106 alia
2325 4054 2362 4093 2

505 4198 515 4209 ·
1400 4174 1459 4245 C
1492 4200 1532 4245 c
1585 4196 1626 4242 2
