2917 4959
566 489 708 555 DE
775 480 1253 555 AMMAL.
1304 475 1590 546 HIST.
1636 478 1826 546 v111.
1883 484 2002 548 23.
2138 484 2282 573 557

316 673 506 752 eieci.
600 669 1011 746 Excitantur
1052 663 1393 765 pustulae.
1493 661 1961 737 Perniciosius
2005 665 2286 741 mordet

316 833 737 910 praegnans;
790 830 956 878 nam
984 799 1416 903 praegnantis
1450 824 1537 872 ex
1563 823 1799 872 morsu
1833 801 2150 896 pustulae
2179 801 2288 876 di.

320 963 775 1044 rumpuntur:
826 939 937 1020 sin
978 938 1247 1031 minus,
1298 962 1446 1018 non
1480 934 1826 1014 interficit.
1929 931 2288 1016 Praeterea

318 1075 644 1153 interficit
709 1101 955 1149 morsu
1020 1093 1139 1144 aut
1204 1095 1539 1166 magnum
1585 1067 1903 1144 dolorem
1947 1070 2142 1146 affert
2161 1039 2292 1166 =ea,'

315 1241 531 1314 quam
580 1203 915 1284 nonnulli
944 1193 1355 1276 'chalcidem
1370 1257 1391 1296 ,
1445 1202 1567 1274 alii
1608 1201 1859 1277 vocant
1899 1205 2285 1304 zygnidem.

316 1347 592 1422 Similis
638 1343 813 1416 haec
844 1359 944 1412 est
988 1336 1263 1438 pusillis
1305 1335 1618 1430 lacertiS,
1685 1338 1923 1414 colore
1968 1341 2289 1415 caecilia...

252 1503 257 1510 ’
320 1511 482 1557 rum
513 1469 1089 1590 (typhlinarum)
1116 1471 1563 1571 serpentium.
1664 1471 1750 1544 In
1783 1499 2054 1547 summa
2085 1476 2291 1574 periti
2349 1484 2392 1543 4

318 1619 419 1692 sic
453 1633 849 1691 autumant:
902 1610 1231 1684 omnibus
1274 1633 1494 1707 paene
1525 1607 1792 1683 morbis
1807 1663 1830 1702 ‚
1881 1610 2141 1708 quibus
2177 1611 2293 1684 la...

315 1753 518 1826 borat
566 1749 827 1840 homo,
877 1773 1141 1844 equum
1182 1771 1468 1844 quoque
1506 1743 1754 1818 tentari
1802 1763 2011 1842 atque
2057 1773 2287 1821 ouem.

317 1882 747 1958 sandaracae
788 1907 1059 1956 veneno
1093 1879 1347 1974 interit}
1373 1898 1526 1954 tum
1557 1905 1775 1978 equus
1806 1901 1957 1952 tum
1981 1879 2293 1954 iumenta

314 2018 471 2093 alia.
558 2017 789 2090 Datur
822 2040 1053 2092 autem
1083 2015 1160 2089 in
1188 2043 1368 2115 aqua
1399 2034 1608 2114 atque
1645 1985 2062 2114 percolatur.
2129 2013 2295 2086 Ab-

318 2175 557 2228 ortum
614 2151 779 2225 facit
830 2180 1009 2252 equa
1054 2153 1237 2224 foeta
1298 2149 1634 2223 extinctae
1676 2149 2002 2223 lucernae
2025 2146 2293 2223 ‘odorez

318 2285 399 2360 id
412 2283 609 2387 quod
628 2284 1164 2384 praegnantibus
1191 2283 1606 2356 mulieribus
1625 2285 1984 2358 nonnullis
2011 2310 2297 2384 quoque

318 2447 447 2497 vsu
478 2419 685 2497 venit.
738 2417 979 2519 Atque
1002 2417 1337 2493 hactenus
1366 2415 1457 2492 de
1481 2419 1744 2494 morbis
1769 2443 2132 2518 equorum.
2197 2417 2302 2496 At
2355 2421 2394 2482 ⁵

320 2553 514 2654 quod
530 2576 779 2632 vocant
794 2553 1279 2653 hippomanes,
1311 2552 1694 2628 innascitur
1717 2554 1956 2652 pullis,
1989 2577 2060 2631 vt
2077 2555 2292 2630 aiunt.
2407 2529 2416 2538 ι

320 2691 563 2789 Equae
590 2715 757 2766 vero
773 2689 1316 2789 praelambentes
1354 2687 1909 2786 deputantesque
1945 2688 2300 2790 abrodunt

322 2825 573 2922 ipsum.
660 2823 863 2912 Quae
898 2843 1131 2897 autem
1170 2822 1598 2916 fabulantur,
1645 2824 1808 2898 ficta
1849 2844 2015 2898 sunt
2045 2851 2088 2898 a
2127 2852 2298 2899 mn·-

325 2957 639 3032 lierculis
668 2979 737 3032 et
774 2955 1363 3035 incantatricibus.
1410 2955 1588 3034 Non
1617 2978 1718 3032 eat
1745 2929 2297 3046 cona-nuendum,

314 3085 443 3165 ‘edi
474 3093 567 3164 ab
599 3091 914 3189 equabus
940 3091 1021 3166 id
1046 3091 1245 3192 quod
1272 3113 1528 3169 vocant
1556 3093 1890 3191 puniam,
1930 3115 2302 3194 antequam

325 3225 619 3324 pariant.
720 3224 1131 3323 Agnoscunt
1190 3229 1357 3327 equi
1402 3253 1650 3304 vocem
1697 3225 2260 3305 aduersariorum
2273 3283 2298 3324 ,
2357 3245 2400 3305 6

328 3359 753 3460 quibuscum
798 3363 1181 3461 pugnarint
1233 3360 1633 3463 aliquando.
1758 3361 2087 3442 Gaudent
2127 3366 2300 3465 equi

326 3497 545 3593 pratis
610 3516 679 3570 et
738 3495 1161 3598 paludibus:
1256 3496 1616 3577 turbidam
1684 3524 1990 3598 namque
2051 3520 2299 3598 potant

328 3655 621 3727 aquam:
678 3594 887 3731 nique
917 3634 977 3705 si
1020 3662 1196 3733 pura
1238 3653 1375 3726 cst,
1436 3631 1714 3732 vngulis
1741 3633 2140 3710 obturbant.
2187 3631 2302 3709 Ita

328 3761 449 3837 vbi
482 3761 795 3840 bihel-int
810 3820 833 3860 ,
885 3768 1245 3852 lauantur:
1296 3767 1580 3846 ‘lauacri
1617 3770 1808 3846 enim
1835 3790 2048 3870 aque
2077 3795 2305 3870 aqua—

330 3925 493 3970 rum
510 3898 1073 3984 'amantissimum
1102 3905 1364 3984 animal
1392 3925 1514 3982 eat.
1621 3905 1857 3992 Quare
1889 3905 1990 3978 sic
2017 3929 2308 4004 quoque

330 4034 701 4110 constituta
720 4036 867 4111 fuit
898 4041 1068 4138 equi
1094 4040 1462 4119 fluuiatilis
1489 4061 1754 4116 natura.
1849 4037 1952 4113 At
1979 4039 2108 4116 bos
2135 4065 2304 4116 eon·-
