2917 4959
586 443 681 512 24
1094 447 1103 457 ’
1188 435 1972 510 ARISTOTELIS.

588 625 681 698 sit
695 680 714 718 ,
766 622 1053 701 omnino
1085 647 1251 696 vero
1284 651 1429 696 non
1460 624 1740 697 habere.
1807 619 2122 696 Omnino
2149 621 2342 698 enim
2368 627 2564 701 nihil

592 758 781 835 videt
794 813 815 850 ,
899 785 1124 857 neque
1186 759 1550 834 manifesto
1593 781 1995 860 apparentes
2041 759 2282 834 oculos
2328 761 2568 836 habet'

600 895 923 970 Detracta
968 922 1134 969 vero
1182 895 1510 996 pellicula
1557 917 1622 969 et
1663 895 2038 970 oculorum
2079 895 2312 972 sedem
2355 901 2566 974 inue-

598 1026 782 1119 nies,
835 1050 903 1100 et
946 1029 1331 1127 nigritiem,
1382 1057 1564 1130 quae
1609 1027 1995 1104 seeundum
2039 1032 2273 1105 locum
2307 1057 2376 1108 et
2400 1062 2566 1134 spa-

600 1160 781 1233 tium
826 1184 928 1236 est
973 1193 1011 1236 a
1056 1187 1303 1238 natura
1348 1166 1516 1265 ipsis
1559 1166 1782 1240 oculis
1833 1166 2160 1242 attributa
2174 1223 2193 1261 ,
2275 1169 2569 1269 perinde

600 1297 798 1394 quasi
843 1299 1204 1376 inchoatos
1238 1299 1570 1400 pellicula
1615 1301 2034 1378 eiu-insecus
2063 1301 2312 1377 adnata
2348 1331 2566 1378 occu-

596 1455 885 1529 pauent.

1266 1569 1544 1670 (Vulgo
1619 1571 1701 1644 C.
1785 1573 1918 1666 X.)

505 1700 549 1766 4
779 1700 1176 1777 Oculorum
1256 1703 1334 1778 id
1398 1707 1592 1806 quod
1673 1707 1916 1779 album
1979 1704 2283 1778 diximus
2300 1713 2327 1800 ,'
2403 1709 2570 1778 om·-⁴

600 1831 815 1906 nibus
856 1837 1005 1910 fere
1046 1837 1273 1936 idem3
1348 1840 1634 1938 nigrum
1682 1827 1910 1913 autem
1956 1839 2284 1915 variatur.
2379 1837 2572 1913 Nam

576 1968 1029 2064 :quibusdam
1078 1975 1358 2072 nigrum
1388 1953 1552 2049 sane
1597 1997 1732 2069 est3
1785 1975 1938 2047 aliis
1989 1994 2221 2047 autem
2269 1974 2574 2046 caesium

599 2099 987 2182 admodum
1017 2136 1038 2202 3
1138 2107 1565 2208 quibusdam
1657 2109 2027 2208 caprinum
2059 2111 2088 2202 ς’
2205 2107 2569 2180 nonnullis

602 2234 906 2315 fuluum.
1034 2245 1197 2318 Hoc
1257 2268 1326 2321 et
1384 2245 1816 2344 optimorum
1883 2223 2228 2314 indicium
2291 2269 2574 2316 morum

596 2391 705 2440 est
720 2424 739 2462 ,
790 2395 861 2444 et
900 2376 991 2448 ad
1020 2377 1407 2452 videndum
1452 2378 1942 2452 acutissimum.
2003 2377 2261 2474 [Libri
2273 2375 2577 2469 vulgati

598 2501 738 2572 hoc
766 2508 861 2574 de
886 2512 1227 2602 caprinis
1256 2514 1494 2582 oculis
1513 2512 2047 2610 praedicant]
2095 2511 2305 2584 Solus
2337 2529 2574 2581 autem

599 2638 1007 2716 animalium
1053 2645 1269 2718 homo
1322 2667 1443 2719 aut
1489 2643 1930 2743 potissimum
1981 2645 2120 2718 alio
2179 2665 2386 2741 atque
2433 2643 2573 2716 alio

602 2773 839 2850 colore
864 2780 1105 2852 oculos
1137 2779 1490 2878 praeditos
1522 2779 1766 2852 habet:
1822 2778 2109 2878 reliquis
2140 2803 2316 2850 vnus
2353 2773 2594 2874 colors
2691 2871 2698 2878 ·

600 2929 1087 3010 praeterquam
1122 2915 1319 3012 equis
1338 2970 1357 3007 ,
1410 2890 1718 3014 quorum
1753 2915 2103 3013 aliquibus
2133 2913 2301 2984 alter
2329 2911 2578 2986 oculus

509 3062 549 3122 5
602 3043 864 3118 caesius
900 3068 1020 3120 est.
1126 3048 1339 3122 Oculi
1371 3047 1664 3148 quidam
1696 3050 1962 3147 magni,
2031 3045 2322 3148 quidam
2351 3045 2581 3145 parui,

602 3179 893 3276 quidam
936 3181 1231 3258 modici:
1282 3181 1363 3258 hi
1394 3181 1646 3280 optimi
1689 3205 1868 3256 sunt.
1972 3184 2152 3258 Item
2186 3202 2307 3256 aut
2327 3201 2584 3255 extant

602 3314 806 3386 valde
820 3370 841 3406 ,
890 3318 1110 3391 autin
1144 3315 1502 3418 profundo
1520 3370 1541 3410 ‚
1587 3338 1707 3390 aut
1731 3315 1964 3392 medio
1995 3319 2224 3419 spatio
2247 3316 2361 3388 siti
2393 3333 2572 3386 sunt.
2629 3343 2636 3351 ·

526 3495 539 3506 .
596 3449 714 3526 'Ac
759 3449 1095 3550 profundi
1152 3452 1440 3552 quidem
1486 3451 1744 3550 quouis
1791 3451 1866 3524 in
1897 3477 2139 3549 genere
2173 3445 2580 3522 animalium

602 3586 983 3660 acutissimi
1030 3608 1195 3661 sunt
1228 3584 1319 3658 ad
1346 3585 1746 3662 videndum.
1867 3586 2013 3672 Qui
2043 3609 2208 3656 vero
2239 3579 2468 3653 media
2501 3579 2578 3652 in

605 3720 883 3818 regione
928 3743 1089 3796 sunt
1130 3721 1526 3814 constituti,
1578 3722 2010 3821 optimorum
2055 3738 2258 3792 notae
2299 3741 2580 3818 morum

604 3852 970 3931 habentur.
1072 3856 1427 3928 Praeterea
1462 3877 1582 3926 aut
1611 3853 2024 3956 nictabundi
2053 3869 2256 3944 sunt‘,
2311 3871 2432 3922 aut
2461 3850 2578 3922 in·-

604 3988 776 4060 tenti
792 4046 813 4086 ,
847 4015 967 4067 aut
994 3987 1227 4066 media
1258 3989 1438 4082 inter
1471 3989 1606 4064 hos
1631 4009 1898 4066 natura.
1983 3991 2086 4070 Hi
2113 3989 2416 4092 optimae
2445 4011 2580 4075 na?
