2917 4959
654 435 797 502 DE
858 429 1347 502 ANIMAL.
1411 431 1696 501 HIST.
1759 435 1846 504 Π.
1922 438 2028 508 15.
2223 442 2310 512 82

324 617 539 692 suillo
571 616 841 716 generi:
876 615 1035 688 aliis
1066 614 1363 715 penduli
1396 635 1597 708 sunt,
1629 637 1704 691 vt
1733 614 2032 692 homini.
2085 619 2308 698 Pisces
2368 647 2410 710 5

324 753 539 852 igitur
584 773 797 850 atque
834 771 1179 850 serpentes
1192 805 1215 842 ,
1284 748 1884 850 quemadmodum
1927 777 2140 852 supra
2187 755 2310 830 di·-

324 909 513 961 ctum
562 907 665 960 est
681 941 703 978 ‚
754 886 1047 958 testibus
1093 906 1363 980 carent3
1428 883 1551 957 sed
1582 883 2006 984 praecordiis
2035 915 2308 986 appeu-

319 1051 431 1099 sos
478 1019 571 1095 ad
604 1023 785 1092 latus
816 1040 1193 1116 vuumque
1220 1015 1451 1110 dorsi,
1523 1015 1614 1090 ad
1643 1021 2054 1094 excrementi
2085 1033 2304 1122 {esque

317 1158 588 1233 exitum
614 1153 705 1226 de
734 1137 1093 1250 superiore
1118 1150 1275 1225 loco
1307 1151 1490 1223 inter
1517 1176 1592 1224 se
1611 1149 1690 1222 in
1719 1177 1938 1225 vnum
1965 1160 2302 1233 commis-

314 1320 433 1370 sos
463 1310 739 1364 meatus
768 1286 1033 1359 habent
1062 1283 1255 1358 duos.
1352 1284 1676 1386 Intelligo
1707 1283 1946 1360 locum
1975 1291 2298 1388 superio-

318 1455 481 1501 rem
536 1451 731 1512 eum,
814 1418 939 1517 qui
985 1418 1223 1518 spinae
1267 1418 1545 1492 adiacet.
1649 1419 1712 1491 Ii
1759 1443 2024 1496 meatus
2071 1429 2292 1504 coitus

320 1583 639 1658 tempore
665 1553 945 1654 genitali
979 1552 1241 1628 semine
1268 1571 1580 1650 turgent,
1604 1549 1814 1626 -Vnde
1841 1553 2134 1630 candida
2164 1589 2290 1661 ge-

316 1696 555 1771 nitura
584 1690 828 1764 attritu
857 1688 1194 1766 eliciatur.
1243 1686 1516 1761 Eorum
1531 1705 1758 1758 autem
1771 1686 2118 1769 diuersam
2151 1727 2288 1773 na·-
2395 1725 2400 1733 '

316 1853 554 1904 turam
619 1848 771 1899 tum
830 1851 912 1898 cx
940 1819 1461 1898 ,dissentionum
1520 1822 1786 1896 ratione
1831 1834 2285 1932 contemplari

318 1981 615 2062 oportet,
630 1983 783 2034 tum
798 1987 837 2032 a
852 1959 1061 2033 nobis
1072 1955 1371 2062 dicetur,
1400 1979 1565 2026 cum
1579 1956 1756 2055 quid
1771 1960 2026 2060 cuique
2039 1987 2284 2044 natura

310 2096 757 2198 peculiariter
814 2111 1295 2190 comparatum
1342 2089 1431 2164 sit
1446 2141 1470 2179 ,
1566 2091 1926 2188 sigillatim
1981 2101 2284 2175 exactius

312 2231 754 2306 disseremus,
824 2223 1159 2321 Ouiparis
1188 2225 1649 2299 animantibus
1663 2280 1686 2317 ‚
1729 2210 1884 2300 siue
1913 2227 2288 2327 bipedibus
2338 2251 2386 2318 4

308 2365 471 2439 siue
500 2359 1069 2462 quadrupedibus
1085 2411 1107 2450 ,
1154 2357 1478 2434 omnibus
1509 2359 1596 2430 ad
1623 2360 1904 2434 lumbos
1933 2367 2064 2437 suh
2087 2389 2282 2466 septo

238 2591 245 2598 .
313 2501 436 2572 siti
468 2515 897 2588 sunt-testem
949 2493 1103 2566 aliis
1147 2492 1582 2568 candidiores
1597 2549 1618 2588 ,
1670 2494 1824 2567 aliis
1855 2497 2286 2600 pallidiores‚'

308 2631 643 2706 tenuibus
706 2625 1091 2702 admodum
1153 2628 1400 2702 ambiti
1460 2628 1767 2704 venulis:
1836 2659 2140 2731 quorum
2191 2636 2286 2706 ab

306 2789 605 2865 vtroque
638 2762 899 2860 singuli
930 2785 1197 2836 meatus
1228 2761 1307 2839 in
1346 2789 1570 2838 vnum
1601 2783 1852 2838 coeunt
1863 2818 1886 2857 ,
1935 2763 2281 2864 quemad-

310 2897 608 2972 modum
638 2919 702 2972 et
745 2895 1055 2995 piscibus
1070 2951 1091 2988 ‚
1143 2923 1353 2996 supra
1396 2897 1662 2970 exitum
1704 2899 2130 2993 excrementi.
2187 2899 2276 2974 Id

311 3057 483 3106 vero
510 3030 805 3127 genitale
842 3051 977 3124 est3
1022 3031 1215 3128 quod
1240 3033 1319 3104 in
1344 3031 1757 3104 minusculis
1781 3060 1928 3107 non
1959 3057 2278 3132 apparet:

314 3163 395 3236 in
426 3161 839 3257 maioribus,
880 3164 1277 3240 cuiusmodi
1309 3192 1580 3240 anseres
1610 3185 1818 3264 atque
1843 3165 2016 3240 aliae
2030 3168 2276 3245 similis

308 3294 817 3396 magnitudinis
848 3311 1009 3373 sunt
1022 3353 1045 3392 ,
1106 3299 1542 3374 manifestius
1573 3321 1754 3374 extat
1768 3355 1790 3393 ‚
1850 3329 2014 3377 cum
2043 3333 2275 3380 recens

306 3406 610 3506 inierint.
716 3429 993 3508 Meatus
1025 3457 1253 3508 autem
1287 3457 1430 3510 tam
1459 3433 1575 3506 his
1603 3461 1816 3532 quam
1843 3436 2146 3534 piscibus
2181 3441 2269 3513 ab
2331 3455 2370 3516 ⁵

308 3587 557 3640 natura
590 3567 843 3642 annexi
860 3590 1025 3644 suut
1043 3569 1121 3644 in
1134 3569 1393 3644 lumbis
1407 3569 1541 3642 sub
1559 3539 1797 3644 ventre
1821 3591 1888 3643 et
1913 3569 2274 3664 intestinis,

307 3699 494 3772 inter
524 3725 775 3776 venam
818 3729 1182 3803 mag-namt
1230 3701 1319 3776 de
1350 3729 1490 3802 qua
1520 3701 1976 3777 intenduntur
2015 3721 2278 3773 meatus

304 3829 407 3904 ad
442 3853 817 3934 vti-umque
846 3838 1142 3914 testium.
1248 3835 1865 3926 Quemadmodum
1901 3844 2130 3910 autem
2157 3825 2276 3950 pis-

298 3966 551 4042 acibus
594 3969 817 4048 coitus
874 3995 1189 4075 tempore
1236 3991 1303 4048 et
1341 3999 1574 4047 semen
1619 3974 1830 4068 inest,
1899 3989 1967 4043 et
2013 3990 2276 4044 meatus

1454 4105 1518 4179 F
