2917 4959
648 527 787 620 392
1250 517 2000 588 ARISTOTELIS
2047 557 2058 564 -

649 703 881 800 igitur.
982 698 1056 772 si
1090 699 1245 773 luto
1274 721 1497 795 egeat,
1547 701 2004 775 madefaciens
2037 727 2110 776 se
2147 698 2368 802 ipsam
2401 701 2623 776 volu-

650 857 835 909 tatur
874 834 997 907 alis
1038 836 1111 908 in
1146 837 1451 936 puluere.
1555 835 1960 929 stragulum
2005 863 2292 934 quoque
2337 835 2630 910 conficit

652 968 961 1042 hominis
988 995 1219 1059 more,
1274 969 1581 1065 primum
1619 968 1917 1040 subdens
1947 966 2268 1061 duriora,
2319 990 2388 1043 et
2419 967 2630 1068 quod

652 1129 811 1176 suae
844 1102 1255 1202 respondeat
1284 1102 1766 1198 magnitudini.
1821 1101 1927 1172 Ac
1957 1127 2116 1174 sane
2142 1101 2428 1176 alendae
2453 1129 2630 1202 pro-

648 1237 740 1308 lis
764 1257 911 1309 tam
938 1261 1085 1308 mas
1112 1261 1325 1336 quam
1354 1236 1655 1310 foemina
1688 1233 1988 1307 studiosa
2026 1255 2143 1308 est.
2213 1237 2402 1306 Dant
2431 1236 2634 1312 enim

648 1369 951 1466 ningulis
1008 1397 1133 1469 per
1194 1371 1375 1446 vices
1409 1425 1431 1466 ‚
1545 1367 1987 1442 obseruantea
2051 1393 2245 1442 more
2313 1367 2628 1468 quodam
2665 1339 2678 1350 ⁶

642 1529 865 1597 eum,
916 1505 1039 1602 qui
1070 1503 1265 1601 prior
1292 1503 1587 1601 ceperit,
1632 1528 1718 1574 ne
1758 1503 1871 1572 his
1895 1503 2206 1601 accipiat.
2307 1501 2416 1574 Ac
2443 1523 2626 1576 ster-

665 1659 786 1707 cus
828 1636 1139 1734 primum
1182 1639 1367 1735 ipsae
1397 1637 1712 1709 eiiciunt:
1766 1635 1881 1708 vbi
1914 1655 2140 1710 autem
2165 1637 2348 1734 'pulli
2375 1663 2624 1710 creue-

658 1769 837 1863 rint‚
905 1789 1286 1845 auertentes
1334 1793 1719 1844 extrorsum
1765 1769 2017 1844 docent
2063 1771 2376 1849 deiicere.
2433 1771 2628 1870 [Ca-

562 1929 603 1973 2
656 1922 789 2000 put
826 1903 955 1977 XI.
994 1905 1421 2004 Scaliger0.]
1456 1907 1638 1979 Sunt
1665 1905 1873 1979 etiam
1901 1905 2035 1978 alia
2065 1905 2406 2004 quaedam
2433 1903 2623 1999 talia,

662 2063 841 2134 quae
868 2041 944 2112 in
972 2041 1452 2112 columbarum
1485 2065 1728 2137 genere
1753 2040 2314 2138 contemplemur.
2369 2038 2624 2137 Neque

661 2169 852 2242 enim
885 2171 1135 2246 volunt
1168 2175 1585 2271 coniungere
1621 2199 1761 2246 sese
1795 2173 2109 2271 pluribus
2126 2226 2146 2265 ‚
2193 2198 2422 2270 neque
2449 2197 2620 2242 eon·

660 2323 917 2378 sortem
942 2310 1079 2379 tori
1110 2309 1549 2405 relinquunt,
1601 2337 1811 2407 quam
1838 2328 1952 2380 aut
1985 2305 2238 2381 viduus
2264 2326 2386 2378 aut
2409 2303 2624 2379 vidua

659 2433 769 2505 sit.
874 2437 1305 2514 Parturiente
1350 2443 1676 2516 columba
1691 2493 1718 2528 ,
1795 2427 2162 2518 vehemens
2211 2439 2438 2512 maris·
2459 2466 2625 2514 eura

644 2589 765 2641 est
788 2569 1191 2671 instigantis.
1272 2573 1351 2646 si
1380 2575 1568 2651 enim
1597 2577 1674 2646 in
1705 2574 1901 2649 aditu
1929 2575 2081 2650 nidi
2109 2574 2506 2674 languidius
2531 2575 2624 2647 ob

662 2699 982 2780 dolorem
1024 2729 1262 2806 partus
1311 2730 1692 2802 cunctetur,
1747 2731 1940 2806 vrget
1981 2709 2330 2784 caedendo
2343 2765 2366 2802 ‚
2419 2729 2624 2805 atque

658 2836 919 2911 intrare
968 2843 1170 2938 eogit.
1284 2843 1508 2942 Pullis
1573 2845 1750 2917 natis
1817 2846 2310 2942 salsuginosam
2369 2862 2626 2914 terram

657 2969 1019 3048 collectam
1033 2977 1297 3069 (vulgo
1329 2991 1504 3051 erat
1535 2981 2054 3077 praemansam),
2087 3007 2334 3056 eorum
2361 3005 2441 3052 os
2459 3003 2628 3075 ape-

658 3099 881 3197 riens,
928 3107 1228 3208 inspuit,
1291 3112 1393 3186 sic
1434 3137 1842 3209 praeparans
1889 3106 1980 3184 ad
2007 3112 2276 3185 eibum·
2373 3113 2557 3186 Cum
2587 3137 2626 3184 e

562 3227 601 3289 3
660 3234 831 3310 nido
877 3241 1229 3337 prodituri
1276 3267 1471 3336 sunt,
1521 3271 1763 3318 omues
1811 3272 1957 3318 mas
2003 3247 2153 3320 init.
2255 3245 2372 3317 Sic
2417 3234 2628 3340 igitui-

658 3391 909 3444 mutuo
935 3381 1234 3452 maxima
1258 3405 1341 3452 ex
1370 3399 1566 3477 parte
1599 3378 1778 3452 inter
1811 3406 1884 3452 se
1913 3405 2144 3454 amore
2171 3377 2444 3476 degunt.
2467 3378 2628 3450 Ve-

657 3529 819 3580 rum
849 3509 1209 3585 enimuero
1238 3514 1447 3588 etiam
1476 3514 1748 3611 aliquae
1773 3513 2249 3611 praeterquam
2284 3538 2323 3583 a
2351 3508 2626 3582 maritis

644 3637 1076 3738 ‘subagitatae
1126 3667 1303 3720 sunt.
1400 3647 1524 3721 Est
1571 3670 1801 3722 autem
1850 3675 2118 3748 pugnax
2148 3644 2408 3719 animal
2453 3642 2622 3736 hoe,

636 3768 1258 3877 ·interturbantque
1304 3805 1459 3854 aeae
1519 3805 1784 3856 mutuo.
1887 3783 2084 3872 Quin
2150 3781 2359 3856 etiam
2415 3777 2624 3853 nidos

656 3904 918 3984 alienos
964 3909 1491 4012 ingrediuntur:
1543 3916 1661 3991 sed
1695 3945 1850 3992 raro
1876 3917 2033 3993 hoc.
2135 3914 2325 3989 Nam
2349 3915 2473 3990 etsi
2503 3939 2623 3987 re·-

652 4041 1073 4124 motioribus
1116 4044 1291 4126 locis
1332 4051 1566 4132 minus
1583 4106 1606 4148 ‚
1646 4050 1760 4154 ,ad
1814 4052 2046 4152 ipsum
2095 4071 2327 4126 tamen
2371 4047 2618 4124 nidum
