2917 4959
674 463 821 532 DE
881 457 1367 531 ANIMAL.
1418 459 1704 530 HIST.
1765 461 1894 532 1x.
1952 466 2070 535 14.
2231 470 2368 542 401

370 649 631 722 dinem.
736 645 979 720 Noctu
1011 665 1343 735 venatur,
1392 663 1470 718 vt
1505 645 1776 743 aquila:
1827 673 1992 718 cum
2025 677 2168 748 qua
2197 650 2372 728 adeo

372 784 819 860 vehementer
856 801 1154 880 pugnat,
1204 799 1277 852 vt
1305 781 1548 853 ambae
1597 780 1802 854 viuae
1831 809 2032 881 saepe
2061 812 2100 856 a
2127 808 2372 882 pasto-

375 918 570 991 ribus
600 916 977 1016 capiantur.
1085 913 1247 987 Oua
1294 914 1460 986 bina
1507 916 1722 1010 parit:
1801 915 2116 990 nidificat
2161 920 2370 994 etiam

371 1050 431 1124 is
466 1053 543 1124 in
575 1049 753 1124 saxis
796 1070 864 1122 et
912 1047 1283 1146 speluncis.
1352 1045 1559 1144 [Cap.
1612 1050 1890 1122 XVIII.
1945 1052 2366 1157 scaligero]

376 1185 701 1284 Pugnare
720 1184 949 1256 solent
961 1181 1170 1254 etiam
1196 1206 1400 1278 grues
1434 1182 1616 1252 inter
1640 1207 1714 1254 se
1729 1201 1870 1254 tam
1890 1188 2158 1283 acriter,
2207 1213 2282 1267 vt
2301 1213 2371 1268 et

372 1319 563 1418 ipsae
581 1317 995 1390 dimicantes
1012 1315 1256 1388 ambae
1284 1315 1732 1413 apastoribus
1747 1315 2110 1415 capiantur
2139 1325 2361 1400 viuae.

372 1452 811 1554 [Restitant
844 1447 1103 1549 enim.]
1156 1448 1447 1524 Pariunt
1467 1447 1776 1551 [etiam]
1792 1479 2000 1551 grues
2020 1480 2158 1529 oua
2174 1459 2361 1534 bina.
2474 1477 2488 1490 “

475 1693 709 1768 CAP.
764 1689 969 1768 XIV.
1040 1690 1279 1790 (vulgo
1330 1685 1534 1764 XIII.
1612 1690 1967 1790 Scal'igcro
2015 1693 2262 1792 XIX.)

516 1860 787 1934 Multas
814 1887 1015 1934 voces
1031 1859 1185 1958 pica
1216 1879 1477 1932 mutat:
1529 1859 1820 1958 singulis
1851 1887 2155 1960 namque
2181 1874 2360 1962 pro-'

370 1992 755 2094 pemodum
806 1992 1053 2094 diebus
1108 1994 1315 2066 aliam
1371 1992 1546 2065 edit..
1667 1994 1859 2068 Parit
1915 2021 2052 2068 oua
2097 2023 2357 2072 nouem

370 2126 660 2200 circiter.
760 2125 833 2200 N
836 2127 1035 2200 idum
1064 2127 1228 2200 facit
1242 2128 1317 2199 in
1352 2127 1722 2201 arboribus
1750 2145 1832 2201 ex
1867 2127 2032 2227 pilis
2059 2151 2126 2202 et
2151 2132 2354 2207 lana:

370 2259 721 2359 glandem,
770 2285 934 2332 cum
966 2257 1200 2332 deficit
1216 2315 1238 2353 ,
1290 2259 1596 2332 abditam
1629 2261 1888 2335 condit.
1960 2261 2355 2366 [Scaligero

368 2393 543 2493 Cap.
579 2393 791 2494 ΧΧ.]
892 2387 1163 2466 Multos
1200 2415 1512 2469 auctores
1543 2387 1754 2470 habet
1796 2397 2237 2507 fama,.quae
2268 2403 2357 2478 de

367 2528 659 2602 ciconiis
698 2529 1222 2623 circumfertur,
1287 2530 1690 2628 parentibus
1733 2558 1775 2602 a
1821 2531 2064 2604 liberis
2093 2533 2355 2612 educa-

366 2663 577 2736 tionis
604 2664 895 2762 gratiam
928 2661 1189 2736 referri.
1292 2657 1452 2735 Hoc
1497 2661 1687 2734 idem
1734 2664 1942 2736 etiam
1986 2693 2025 2736 a
2067 2694 2356 2767 merope

363 2796 659 2872 factitari
695 2800 909 2872 aiunt.
1012 2795 1083 2868 A
1110 2794 1351 2868 sobole
1380 2793 1684 2868 vicissim
1717 2771 2006 2893 nutriri,
2059 2825 2202 2874 non
2229 2829 2354 2876 so·-

362 2929 519 3001 lum
549 2951 1001 3021 senescentes,
1052 2925 1175 3001 sed
1204 2927 1560 3020 continue,
1609 2929 1729 3002 vbi
1761 2925 1835 3002 id
1864 2912 2051 3028 pulli
2081 2937 2354 3011 efficere

366 3065 675 3138 valcant:
710 3086 1017 3146 ,matrem
1046 3084 1449 3164 patremque
1481 3091 1520 3135 a
1557 3060 1749 3137 nido·
1783 3088 1927 3137 non
1979 3066 2348 3145 dimoueri.

370 3195 589 3285 Quod
626 3195 719 3271 ad
761 3198 1065 3271 formam
1112 3199 1259 3270 auis
1306 3199 1578 3272 attinet:
1666 3225 1938 3296 pennae
1988 3202 2352 3293 inferiores

368 3330 717 3431 pallidae,
790 3331 1125 3429 (luteae,)
1174 3333 1562 3432 superiores
1607 3332 1995 3429 caeruleae,
2047 3357 2120 3411 vt
2161 3337 2354 3411 alce-

365 3465 575 3542 doni:
626 3467 903 3542 alarum
940 3486 1243 3540 extrema
1278 3467 1510 3539 rubra.
1614 3467 1880 3538 Versus
1934 3491 2355 3542 autumnum

368 3603 554 3698 parit
576 3629 695 3676 sex
723 3623 843 3676 aut
868 3621 1134 3701 septem
1162 3601 1239 3674 in
1272 3599 1443 3698 ripis
1462 3599 1853 3699 praeruptis
1881 3597 2348 3690 mollioribus,

369 3731 553 3806 intra
582 3763 755 3834 quas
769 3737 977 3809 etiam
993 3756 1297 3836 quamor
1332 3733 1568 3808 cubita
1597 3733 1803 3808 subit.
1910 3731 2112 3820 Quae
2143 3731 2360 3805 chlo-
2407 3769 2446 3812 2

373 3863 471 3938 ris
490 3864 773 3963 dicitur,
826 3890 1191 3968 propterea
1219 3869 1416 3970 quod
1444 3870 1813 3946 inferiores
1846 3870 2116 3968 plumas
2131 3864 2350 3939 luteas

367 3999 619 4096 habeat
634 4057 655 4099 ,
707 4025 809 4081 est
838 4003 1126 4116 alaudae
1154 4004 1660 4106 magnitudine.
1763 4003 1954 4080 Parit
2001 4025 2134 4077 oua
2167 4025 2353 4100 qua-

1563 4139 1621 4212 C
1651 4165 1692 4210 c
