2917 4959
662 478 825 545 DE
900 476 1371 545 ANIMAL.
1438 466 1719 542 fflsT.
1785 482 1908 548 ix.
1966 484 2028 548 8.
2189 486 2322 573 591

378 680 555 759 gnet.
622 654 1007 733 Prudenter
1056 680 1343 755 quoque
1390 680 1636 753 capere
1685 659 1994 733 auiculas
2038 665 2330 737 mustela

378 792 839 867 existimatur:
880 791 1141 889 iugulat
1176 790 1383 885 enim,
1422 790 1602 865 sicut
1633 794 1790 893 lupi
1819 820 2001 868 oues.
2061 796 2368 895 Pugnat*

374 928 583 1006 etiam
626 954 789 1001 cum
826 926 1258 1024 serpentibus
1272 980 1295 1017 ‚
1339 926 1640 1001 maxime
1681 928 1992 1003 murium
2021 932 2328 1007 venatri-

368 1062 563 1137 cibus
580 1116 601 1156 ‚
648 1054 1080 1161 (myotheris
1094 1064 1163 1151 ,)
1204 1078 1568 1155 propterea
1611 1060 1806 1157 quod
1845 1063 1994 1161 ipsa
2041 1093 2326 1167 quoque

344 1220 484 1271 -eos
529 1212 841 1270 venatur.
918 1192 1440 1269 .Erinaeeorum
1481 1218 1770 1291 quoque
1807 1222 2042 1274 sensus
2078 1203 2318 1291 multis
2381 1200 2386 1207 ’

344 1328 545 1403 jocis
566 1346 905 1425 spectatus
932 1325 1087 1404 fuit.
1140 1326 1360 1402 Prout
1390 1327 1578 1401 enim
1607 1326 2010 1427 autAquilo
2039 1355 2162 1405 aut
2175 1334 2326 1409 Au-

363 1483 505 1537 ster
552 1461 776 1556 flat-it,
833 1463 959 1561 qui
1005 1462 1079 1535 in
1120 1481 1303 1533 terra
1350 1460 1644 1559 degunt,
1693 1464 1944 1539 ostiola
1991 1467 2326 1557 ea‘uorum

366 1616 798 1696 permutant:
860 1596 1087 1695 quiin
1132 1594 1417 1683 aedibus
1446 1597 1732 1673 aluntur
1747 1654 1768 1692 ‚
1813 1602 2160 1697 parietum
2187 1603 2327 1677 ob-

364 1731 623 1819 iectum
676 1750 966 1805 mutant.
1067 1728 1277 1807 Vnde
1318 1732 1640 1833 Byzantii
1697 1733 1893 1809 aiunt
1937 1733 2324 1834 quendam,

364 1892 533 1939 eum
574 1865 923 1941 erinaceos
966 1864 1107 1941 hoc
1160 1866 1385 1941 faeere
1428 1864 2056 1961 animaduertisset,
2119 1884 2328 1965 atque

364 1996 827 2097 praedixisset.
894 2000 1061 2073 lctis
1087 2022 1319 2075 autem
1344 2022 1443 2075 est
1471 2000 1781 2075 Melitaei
1807 2002 2039 2077 catelli
2063 2002 2328 2099 magni·

359 2132 645 2231 tudine·‚
691 2134 845 2234 pilo
885 2155 1121 2231 autem
1170 2156 1240 2209 et
1280 2136 1459 2221 facie
1495 2156 1564 2209 et
1599 2134 1902 2211 candore
1925 2135 2186 2211 ventris
2215 2153 2326 2205 at-

358 2292 499 2365 que
528 2266 739 2341 etiam
764 2290 1049 2349 morum
1070 2268 1413 2343 maleficio
1439 2270 1769 2344 mustelae
1794 2266 2062 2342 similis.
2095 2262 2324 2349 Valde

362 2428 529 2477 vero
584 2402 951 2477 oicummr.
1048 2402 1379 2485 Aluearia
1420 2402 1728 2497 infestat,
1811 2404 2078 2503 quippe
2117 2402 2322 2473 melle

357 2537 768 2611 oblectatur.
822 2535 1147 2612 Vescitur
1180 2537 1427 2611 auibus
1440 2592 1466 2629 ,
1498 2535 2096 2635 quemadmodum
2121 2535 2312 2607 feles.

352 2669 527 2745 Eius
553 2690 939 2764 veretrum,
980 2668 1185 2745 sicuti
1230 2669 1538 2760 diximus
1554 2724 1575 2762 ‚
1606 2696 1880 2754 osseum
1925 2690 2044 2741 est.
2096 2667 2316 2741 Cuius

352 2824 661 2887 ramenta
676 2824 943 2904 putant
970 2805 1192 2887 faeere
1218 2802 1309 2880 acl
1330 2806 1570 2882 vrinae
1593 2801 1970 2878 stillicidia.

472 2984 567 3107 ‘c'
593 3032 662 3105 A
687 3035 764 3107 P.
833 3036 1036 3111 vm.
1104 3034 1345 3137 (vulgo
1393 3037 1559 3112 vn.
1623 3037 1974 3159 scaligero
2035 3034 2167 3135 x.)

451 3200 772 3275 Omnino
810 3227 977 3279 vero
1014 3203 1265 3301 siquis
1296 3204 1756 3279 animantium
1785 3225 2172 3281 ceterorum
2200 3201 2314 3277 vi-

351 3356 547 3436 etum
584 3335 1117 3433 contempletur,
1169 3364 1247 3409 ea
1284 3339 1528 3412 multis
1563 3340 1640 3413 in
1683 3341 1888 3413 rebus
1931 3336 2314 3425 humanam

351 3469 567 3547 vitam
594 3469 893 3567 imitari,
910 3442 1423 3569 ..cogitationem
1452 3498 1620 3549 vero
1642 3472 2052 3547 exactiorem
2084 3472 2162 3541 in
2183 3466 2316 3555 mi·-

354 3603 645 3677 notibus
707 3632 921 3704 quam
982 3606 1063 3679 in
1128 3606 1391 3703 magnis
1450 3604 1738 3693 videbit.
1815 3603 2178 3701 Principio
2236 3601 2316 3673 in

352 3736 597 3810 auium
622 3762 869 3833 genere
894 3740 1029 3815 tale
1058 3739 1651 3830 esthirundinum
1682 3738 2042 3838 ingenium
2071 3731 2164 3809 ad
2194 3734 2314 3807 ni·-

355 3869 529 3943 dum
568 3870 994 3967 fingendum.
1094 3876 1492 3977 complicat
1539 3874 1730 3951 enim
1771 3873 2003 3947 lutum
2037 3869 2314 3943 festucis
2401 3876 2410 3886 “

356 4001 604 4078 eodem
640 4001 925 4104 ordine,
984 4036 1127 4107 quo
1176 4012 1407 4085 lutum
1442 4010 1640 4107 palea
1683 4004 1774 4081 ad
1805 4005 2096 4105 parietes
2124 4003 2314 4077 sub.-
