2917 4959
756 461 899 530 DE
964 459 1441 530 ANIMAL.
1493 461 1776 533 ms'r.
1829 433 1951 538 'vt
2005 489 2114 538 αι.
2271 491 2408 559 277

454 646 673 719 mares
697 671 911 742 quam
938 644 1238 717 feminae
1268 643 1363 716 ob
1395 643 1668 718 labores
1697 647 1930 721 minus
1959 649 2086 724 diu
2119 653 2406 728 viuunt:

448 782 521 852 in
570 779 721 852 aliis
759 775 953 850 haud
1002 801 1165 848 sane
1206 781 1642 875 compertum
1689 802 1820 854 est:
1893 810 2136 857 verum
2183 816 2406 860 mares

444 914 941 1012 longaeuiores.
1046 909 1305 982 Dentes
1336 912 1528 984 canis
1561 936 2046 1015 praeterquam
2073 947 2224 1013 eos,
2275 926 2402 1022 qui

438 1050 673 1122 canini
715 1047 1083 1134 dicuntur,
1170 1044 1405 1118 nullos
1449 1067 1670 1120 mutat
1683 1101 1704 1139 ‚
1789 1071 1997 1149 atque
2039 1055 2201 1130 illos
2239 1083 2402 1129 sane

438 1203 690 1284 quarto
732 1205 949 1278 quam
980 1175 1122 1246 nati
1166 1199 1331 1248 sunt
1376 1205 1644 1272 mense,
1697 1191 2016 1258 tam'mas
2047 1217 2258 1288 quam
2287 1181 2399 1264 fe-

334 1367 357 1382 .
438 1316 653 1388 mina.
706 1313 932 1411 Igitur
956 1310 1305 1384 contrario
1335 1308 1552 1386 modo
1579 1316 1885 1390 sentiunt
1914 1319 2133 1419 aliqui
2149 1376 2170 1414 ‚
2219 1349 2398 1421 pro-

438 1471 673 1550 pterea
692 1501 714 1541 ,
766 1443 959 1546 quod
1000 1444 1133 1517 hos
1166 1443 1353 1518 solos
1398 1467 1648 1542 mutat,
1701 1457 1794 1522 ac'
1809 1451 2099 1550 quidam
2135 1451 2398 1532 idcirco

435 1606 685 1683 negant
726 1582 949 1658 vllum
992 1578 1281 1654 omnino
1325 1602 1628 1679 mutare3
1677 1583 2004 1682 quidam,
2056 1615 2220 1662 cum
2263 1589 2396 1664 hos

428 1715 893 1806 obseruarint,
941 1719 1191 1809 putant
1232 1735 1492 1789 eeteros
1531 1745 1812 1819 quoque
1853 1743 2140 1796 mutare.
2239 1721 2396 1798 Ae·-

431 1875 599 1928 tates
629 1881 669 1924 a
696 1833 1023 1924 dentibus
1050 1843 1395 1922 iudicant:
1436 1850 1744 1927 iuniores
1773 1854 2110 1932 candidos
2143 1863 2208 1932 e't
2235 1885 2392 1936 aeu-

436 2008 541 2066 tos
568 1985 861 2082 hahent3
910 1981 1215 2059 seniores
1250 2004 1439 2077 atros
1469 2007 1538 2060 et
1566 1987 1868 2064 obtusos.

1098 2220 1409 2296 CAP.
1513 2222 1734 2341 XXI.

580 2395 857 2469 Taurus
884 2385 1027 2469 vno
1058 2387 1237 2466 initii
1266 2388 1530 2486 implet.
1595 2387 1948 2466 Insoendit
1969 2415 2202 2468 autem
2229 2396 2388 2494 vio—-

430 2531 649 2604 lenter
690 2530 787 2600 ita
802 2583 823 2621 ,
874 2549 950 2604 vt
980 2523 1181 2602 vaooa
1220 2551 1363 2600 sese
1406 2527 1806 2599 concumet.
1913 2525 2130 2614 Quod
2157 2530 2217 2602 si
2245 2531 2390 2603 im-

425 2685 623 2763 petus
650 2663 845 2734 illius
870 2683 1157 2736 euentus
1183 2687 1403 2736 vanus
1432 2661 1684 2753 fixerit,
1731 2661 2061 2736 vicesimo
2089 2683 2248 2759 post
2274 2661 2392 2736 die

420 2827 622 2877 vacca
650 2819 932 2872 taurum
960 2789 1217 2871 iterum
1246 2791 1566 2866 admittit.
1667 2793 1990 2867 Senioree
2015 2795 2200 2868 tauri
2231 2821 2393 2870 ean-

320 2999 327 3004 .
423 2933 595 3008 dem.
616 2929 853 3004 eadem
882 2929 1001 3002 die
1032 2929 1303 3027 saepius
1334 2955 1478 3004 non
1513 2927 1962 3023 inscendam,
2013 2927 2388 3004 sedimen-

422 3067 739 3137 mittunt:
793 3085 861 3134 at
904 3061 1215 3137 iuniores
1264 3061 1417 3135 tum
1460 3060 1690 3136 eidem
1735 3063 2006 3162 saepius
2033 3063 2180 3138 vim
2210 3065 2384 3136 affe-

420 3221 616 3294 runt,
650 3219 805 3272 tum
833 3199 1083 3270 multas
1108 3198 1386 3290 ineant,
1422 3200 1674 3274 robore
1699 3225 1828 3273 suo
1861 3197 2143 3272 incitati.
2229 3197 2384 3272 Ma-

420 3337 607 3410 rium
642 3331 933 3406 minime
962 3329 1421 3406 libidinosum
1454 3335 1714 3406 aninial
1739 3353 1842 3408 est
1873 3355 2128 3407 taurus.
2231 3332 2382 3420 Qui

414 3470 582 3544 vicit
595 3524 617 3564 ,
682 3467 947 3543 coitum
994 3487 1262 3540 exercet
1276 3523 1297 3561 ‚
1364 3468 1437 3540 iu
1479 3495 1622 3567 quo
1668 3495 1832 3542 cum
1870 3496 2038 3569 prae
2079 3464 2378 3540 libidine

416 3605 683 3680 viribus
732 3603 947 3676 fuerit
1006 3599 1313 3688 defectus
1328 3657 1350 3695 ‚
1430 3602 1702 3675 inuadit
1753 3631 1919 3678 eum
1957 3599 2214 3692 victus’,
2295 3625 2376 3670 ae

414 3735 903 3835 saepenumero
948 3757 1240 3838 superat.
1357 3733 1569 3812 Initia
1629 3733 1929 3812 coeundi
1987 3755 2132 3810 tam
2191 3732 2368 3804 mari
2428 3765 2464 3804 :a

416 3897 631 3971 quam
684 3867 984 3943 feminae
1042 3859 1414 3966 anniculis,
1476 3873 1574 3946 ita
1631 3892 1710 3945 vt
1757 3871 1962 3946 etiam
2007 3884 2368 3965 generentz

414 4003 830 4104 plerumque
854 4023 1085 4080 tamen
1110 4005 1250 4082 hoe
1272 4008 1534 4083 faciunt
1550 4033 1814 4081 annum
1831 4027 1897 4080 et
1923 4010 2364 4080 octo'menses
