2917 4959
588 453 685 530 84
952 478 965 488 ·
1180 443 1919 514 ARISTOTELIS

587 657 725 732 que
750 655 1035 704 carnosa
1054 625 1255 703 valde
1282 647 1490 724 atque
1517 626 1998 723 cartilaginosa
2017 629 2356 702 maximae
2373 630 2558 727 parti

590 793 829 840 earum
842 817 863 854 ,
916 789 1095 858 quae
1144 761 1434 834 notabili
1483 781 1643 832 sunt
1693 759 2186 858 magnitudine.
2285 762 2554 836 Eorum

592 919 819 998 partes
850 895 1019 968 aliae
1048 917 1385 970 vocantur
1412 893 1664 967 matrix
1690 911 1896 992 atque
1927 894 2140 987 vteri3
2189 893 2374 970 vnde
2405 899 2558 968 fra-

592 1051 727 1105 tres
760 1026 1008 1100 vterini
1040 1057 1325 1128 quoque
1356 1028 1527 1103 dicti
1563 1047 1758 1101 sunt:
1811 1026 1990 1099 aliae
2019 1028 2264 1121 vulua‚
2313 1031 2552 1101 ceruix

499 1193 570 1239 n
596 1164 742 1264 ipsa
770 1162 1033 1235 scilieet
1059 1185 1263 1262 atque
1294 1189 1372 1236 os
1403 1183 1772 1236 vterorum.
1826 1161 2010 1234 Tam
2038 1159 2320 1258 bipedes
2341 1189 2556 1260 quam

590 1296 1112 1398 quadrupedes,
1162 1323 1341 1396 quae
1392 1296 1651 1368 animal
1701 1295 2016 1394 pariunt,
2084 1309 2324 1368 omnes
2367 1295 2554 1370 infra

585 1430 995 1540 praecordia
1026 1452 1254 1506 vteros
1290 1430 1583 1521 hahent,
1615 1429 1855 1522 homo,
1899 1431 2109 1523 canis,
2137 1457 2276 1523 ειιε,
2307 1458 2551 1530 equus,

587 1567 757 1659 bos3
798 1583 866 1636 et
892 1563 1268 1659 cornigeris
1296 1562 1622 1635 omnibus
1650 1561 1824 1634 ratio
1855 1559 2114 1634 eadem.
2170 1565 2554 1637 Vterorum

588 1719 890 1772 extrema
907 1750 930 1789 ,
962 1721 1139 1794 quae
1166 1721 1427 1768 cornua
1459 1713 1814 1785 vocantur,
1863 1695 2162 1767 maxima
2187 1723 2346 1794 pars
2369 1724 2554 1770 eon—

584 1830 824 1908 voluta
855 1828 1083 1900 habet.
1152 1827 1351 1914 Quae
1387 1853 1556 1902 vero
1583 1853 1722 1900 oua
1749 1825 1999 1922 edunt,
2053 1857 2196 1904 non
2223 1831 2548 1928 omnibus

586 1966 762 2038 ratio
796 1961 1069 2060 eadem3
1120 1961 1243 2037 sed
1272 1987 1433 2034 aues
1467 1958 1556 2032 ad
1583 1981 1856 2060 septum
1883 1983 2373 2057 transuersum,
2423 1965 2550 2063 pi·-

586 2126 731 2176 sces
779 2100 961 2172 infra
1002 2096 1319 2171 obtinent
1333 2151 1352 2188 ,
1410 2094 2004 2195 quemadmodum
2049 2096 2332 2196 bipedes
2357 2125 2544 2196 qua-

586 2231 1072 2332 drupedes'que
1098 2257 1278 2330 quae
1306 2228 1564 2302 animal
1591 2230 1900 2328 pariunt,
1933 2231 2068 2304 nisi
2095 2229 2548 2329 quodtenues

582 2385 747 2438 sunt
790 2365 934 2436 illis
976 2384 1041 2437 et
1082 2362 1586 2439 membranacei
1615 2386 1822 2464 atque
1856 2364 2164 2464 oblongi.
2267 2365 2548 2452 Quam-

582 2499 827 2574 obrem
855 2497 929 2568 in
953 2496 1258 2596 piscibus
1296 2497 1585 2569 minutis
1609 2519 1902 2596 Vtraque
1925 2500 2098 2573 vteri
2129 2527 2290 2597 pars
2319 2527 2546 2576 vnum

580 2657 801 2707 ouum
827 2655 968 2705 esse
994 2625 1286 2702 videtur.
1356 2628 1544 2702 Nam
1567 2656 1808 2705 omnes
1841 2631 1924 2704 hi
1947 2635 2164 2734 pisces
2177 2687 2200 2725 ‚
2234 2658 2544 2731 quorum

576 2787 803 2838 'ouum
848 2789 991 2836 esse
1032 2760 1291 2836 dicitur
1329 2790 1726 2856 arenosum,
1778 2763 1922 2841 duo
1963 2791 2099 2842 oua
2125 2765 2416 2840 habent:
2469 2788 2542 2844 at

580 2897 773 2970 enim
800 2923 1023 2971 vnum
1068 2887 1349 2971 nonest
1364 2951 1385 2990 ‚
1436 2897 1559 2972 sed
1599 2923 2086 2996 numerosum3
2135 2899 2434 2998 ideoque
2459 2900 2534 2972 in

478 3057 567 3106 τιτι
584 3030 807 3104 multa
833 3028 1150 3104 soluitur.
1176 3028 1723 3132 Auium-matrix
1749 3033 1932 3107 infra
1961 3033 2169 3109 hahet
2193 3033 2536 3110 neminem

578 3189 935 3238 carnosum
965 3185 1172 3264 atque
1196 3137 1659 3270 compactam:
1707 3187 1776 3239 at
1795 3193 1971 3266 quae
1991 3195 2152 3270 pars
2176 3191 2372 3270 septo
2397 3168 2536 3242 ad·-

576 3294 815 3372 haeret
830 3351 853 3391 ‚
932 3298 1365 3372 membrana·
1398 3299 1594 3372 tenui
1655 3299 2037 3377 admodum
2093 3325 2388 3395 constat,
2457 3323 2530 3378 vt

564 3452 819 3530 putare
844 3431 1087 3529 possin,
1119 3451 1307 3504 extra
1340 3433 1702 3511 matricem
1722 3464 1860 3511 oua
1888 3441 2016 3513 sita
2043 3464 2202 3512 esse.
2255 3437 2529 3511 Verum

560 3565 649 3640 in
681 3561 1167 3664 grandioribus
1182 3565 1431 3640 auibus
1448 3597 1612 3643 cum
1625 3574 2006 3673 percipitur
2021 3571 2292 3644 facilius
2321 3595 2526 3644 sensu

568 3699 989 3794 membrana,
1020 3717 1174 3772 tum
1206 3725 1395 3798 vero,
1428 3701 1488 3776 si
1513 3733 1642 3804 per
1667 3707 2010 3780 ceruicem
2035 3701 2524 3798 insuffles,1m-.

564 3851 708 3906 met
722 3853 789 3907 et
804 3833 1150 3908 sinuatur:
1174 3855 1244 3907 at
1259 3835 1335 3912 in
1352 3838 1640 3911 minutis
1661 3837 2058 3914 obscuriora
2073 3839 2310 3913 omnia
2323 3836 2516 3912 haee.

560 3962 821 4054 Eadem
866 3969 1046 4066 ratio
1086 3991 1157 4046 et
1195 3969 1273 4048 in
1298 3970 1608 4071 ouiparis
1641 3969 2260 4077 quadrupedibus,·
2295 3979 2522 4050 testu-2*

560 4095 585 4132 ἱ
