2917 4959
466 408 475 419 “
590 436 740 507 406
1222 428 2048 503 ARISTOTELIS·

594 618 732 692 alia
765 643 843 691 re
872 617 1085 691 alitur
1111 640 1331 714 quam
1362 615 1556 693 visco
1599 638 1672 690 et
1715 614 1962 689 resina.
2097 613 2602 717 Magnitudine

599 774 702 827 est
731 779 858 851 par
888 750 1101 855 picae.
1199 750 1443 823 Altera
1471 748 1734 837 trichas
1775 748 2050 849 (pilatis
2103 752 2419 847 Gazae)
2483 754 2606 832 di-

601 889 814 979 citur,
866 912 1033 959 voce
1064 904 1313 979 acuta,
1366 883 1845 983 magnitudine
1877 888 2208 961 merulae.
2311 888 2555 965 Tertia
2579 945 2608 984 ,

600 1047 813 1123 quam
844 1040 1093 1114 vpcant
1119 1016 1432 1112 iliadem,
1485 1022 1742 1113 (vulgo
1770 1018 2076 1113 iliadem,
2135 1022 2409 1097 Gazae
2439 1026 2610 1099 ilia-

597 1156 833 1247 cum‚)
899 1155 1193 1230 minima
1243 1154 1607 1248 omnium,
1673 1182 1754 1229 ac
1803 1154 2040 1239 minus
2079 1157 2285 1235 varia.
2387 1156 2600 1257 [Cap.

498 1274 537 1334 3
596 1288 810 1361 XXI.
880 1289 1119 1388 vulgo,
1154 1288 1481 1365 XXVII.
1517 1288 1934 1388 Scaligero]
2033 1291 2161 1365 Est
2193 1312 2261 1365 et
2299 1293 2609 1367 saxatilis

598 1420 915 1517 auicula',
998 1424 1115 1497 cui
1158 1450 1417 1497 nomen
1474 1449 1772 1525 cyanus:
1855 1426 2244 1523 (caeruleus
2264 1427 2312 1523 :)
2393 1450 2472 1503 ea
2525 1424 2606 1497 in

601 1559 837 1659 Scyro'
878 1558 1174 1661 (Nisyro
1222 1559 1370 1629 alii
1426 1558 1764 1656 Codices)
1813 1559 2124 1635 maxime
2183 1580 2302 1643 est.
2415 1560 2608 1657 Agi-

605 1713 705 1767 tat
730 1672 915 1767 inter
940 1718 1133 1767 saxa:
1185 1693 1459 1767 merula
1491 1692 1764 1787 minor,
1812 1693 2133 1793 fringilla
2176 1694 2396 1794 paulo
2439 1722 2604 1767 ma-

604 1826 753 1900 ior:
801 1826 1105 1927 pedihus
1134 1828 1371 1929 nigris,
1402 1825 1694 1939 ·[vulgo
1711 1827 2316 1929 praegrandibus]
2417 1829 2602 1903 Saxa

606 1960 909 2057 scandit3
972 1983 1119 2035 tota
1200 1964 1552 2037 caerulea:
1653 1980 1878 2037 rostro
1941 1964 2154 2041 firmo
2217 1983 2283 2037 et
2339 1962 2554 2059 longo
2576 1989 2598 2034 ε

604 2095 845 2194 (breui
863 2092 937 2193 ?)
1013 2097 1337 2173 cruribus
1378 2097 1718 2191 breuibus
1735 2148 1762 2191 ‚
1827 2096 2138 2173 aniculae
2179 2095 2347 2196 pipo
2381 2096 2594 2203 simi-

604 2231 818 2305 libus.

607 2460 839 2537 CAP.
894 2461 1101 2537 XIX.
1166 2465 1415 2563 (vulgo
1465 2466 1714 2539 XXII.
1807 2466 2165 2565 Scaliger-o
2213 2464 2601 2557 XXVIII.)

756 2598 1056 2706 Chlor-ic
1101 2632 1365 2727 (vireo)
1423 2633 1652 2707 luteus
1698 2632 1976 2730 (vividis
2023 2634 2216 2709 luteo
2260 2638 2604 2737 aspersus)

606 2791 794 2843 totus
812 2822 834 2860 ,
888 2766 1125 2841 hieme
1149 2795 1293 2841 non
1323 2766 1644 2841 videtur:
1697 2766 1988 2842 solstitio
2041 2790 2322 2867 apparet
2374 2766 2604 2866 potis-

604 2903 894 2975 simum:
952 2901 1099 2973 abit
1135 2903 1396 2976 arcturi
1433 2924 1712 2977 exortu:
1780 2903 2258 3001 magnitudine
2289 2905 2597 2997 turturis.

604 3034 1174 3111 Malacoctaneus
1232 3036 1626 3135 (molliceps
1675 3036 1980 3131 Gazae)
2023 3066 2298 3138 semper
2359 3036 2600 3111 eadem

574 3168 825 3265 ‘vti-tur
855 3168 1041 3263 sede,
1076 3190 1283 3268 atque
1308 3170 1411 3243 ibi
1436 3170 1726 3267 capitur.
1830 3172 2070 3249 Facies
2100 3174 2250 3267 eius
2275 3175 2430 3247 talis
2458 3192 2598 3249 est:

603 3322 813 3399 caput
843 3302 1272 3399 praegrande
1316 3324 1383 3377 et
1410 3289 1962 3404 cartilagineum.
2096 3309 2346 3399 Turdo
2385 3311 2606 3407 paulo

599 3435 857 3531 minor,
911 3460 1035 3510 ore
1068 3439 1359 3515 robusto
1373 3492 1396 3532 ‚
1450 3466 1674 3536 paruo
1689 3492 1724 3529 ,.
1764 3441 2092 3529 rotundo,
2193 3441 2447 3516 Colore
2477 3462 2602 3515 to-

600 3590 715 3663 tus
748 3568 1099 3645 cinei-itio:
1143 3570 1466 3669 pedibus,
1507 3601 1652 3654 non
1677 3576 1804 3664 alis
1829 3578 2027 3660 valet.
2131 3574 2422 3673 ,Capitur
2437 3602 2601 3665 tna·-

503 3740 539 3784 2
603 3703 793 3780 xime
812 3726 1086 3782 noctua.
1149 3704 1466 3804 [Vulgo
1484 3709 1652 3807 Cap.
1688 3707 2007 3809 xxm]
2059 3708 2400 3791 Pardalus
2434 3709 2598 3781 aui-

609 3839 773 3928 cula
798 3839 1091 3939 gregalis
1122 3861 1258 3915 est:
1308 3866 1539 3939 neque
1566 3844 1762 3917 enim
1805 3843 1953 3919 fere
1995 3867 2338 3943 segregata
2389 3842 2594 3933 vide-—

606 3988 757 4065 tur:
842 3977 1081 4053 colore
1122 3997 1269 4056 toto
1310 3974 1626 4053 cinereo:
1707 3977 2192 4077 magnitudine
2236 4004 2364 4079 par
2411 3978 2588 4053 iuis:
