<?xml version="1.0" encoding="UTF-8"?>
<!DOCTYPE html PUBLIC "-//W3C//DTD XHTML 1.0 Transitional//EN"
    "http://www.w3.org/TR/xhtml1/DTD/xhtml1-transitional.dtd">
<html xmlns="http://www.w3.org/1999/xhtml" xml:lang="en" lang="en">
 <head>
  <title>
</title>
<meta http-equiv="Content-Type" content="text/html;charset=utf-8" />
  <meta name='ocr-system' content='tesseract 3.04.00' />
  <meta name='ocr-capabilities' content='ocr_page ocr_carea ocr_par ocr_line ocrx_word'/>
</head>
<body>
  <div class='ocr_page' id='page_1' title='image "aristotelisdean02schngoog_0321.png"; bbox 0 0 2917 4959; ppageno 0'>
   <div class='ocr_carea' id='block_1_1' title="bbox 784 450 2434 571">
    <p class='ocr_par' dir='ltr' id='par_1_1' title="bbox 784 450 2434 571">
     <span class='ocr_line' id='line_1_1' title="bbox 784 450 2434 571; baseline 0.016 -52"><span class='ocrx_word' id='word_1_1' title='bbox 784 450 929 521; x_wconf 74' lang='lat' dir='ltr'><strong>nn</strong></span> <span class='ocrx_word' id='word_1_2' title='bbox 994 451 1472 548; x_wconf 73' lang='lat' dir='ltr'><strong>ANIMAL.</strong></span> <span class='ocrx_word' id='word_1_3' title='bbox 1533 454 1815 527; x_wconf 79' lang='lat' dir='ltr'><strong>ms&#39;r.</strong></span> <span class='ocrx_word' id='word_1_4' title='bbox 1865 461 2020 535; x_wconf 84' lang='lat' dir='ltr'><strong>vn.</strong></span> <span class='ocrx_word' id='word_1_5' title='bbox 2075 492 2143 561; x_wconf 86' lang='lat'><strong>⁷·</strong></span> <span class='ocrx_word' id='word_1_6' title='bbox 2289 474 2434 571; x_wconf 49' lang='lat'><strong>‚511</strong></span> 
     </span>
    </p>
   </div>
   <div class='ocr_carea' id='block_1_2' title="bbox 320 634 2436 1678">
    <p class='ocr_par' dir='ltr' id='par_1_2' title="bbox 320 634 2436 1678">
     <span class='ocr_line' id='line_1_2' title="bbox 448 634 2436 754; baseline 0.009 -45"><span class='ocrx_word' id='word_1_7' title='bbox 448 634 577 709; x_wconf 74' lang='lat' dir='ltr'><strong>alii</strong></span> <span class='ocrx_word' id='word_1_8' title='bbox 628 634 775 749; x_wconf 77' lang='lat' dir='ltr'><strong>nati</strong></span> <span class='ocrx_word' id='word_1_9' title='bbox 821 658 1159 737; x_wconf 69' lang='lat' dir='ltr'><strong>Vtrosque</strong></span> <span class='ocrx_word' id='word_1_10' title='bbox 1200 657 1728 736; x_wconf 78' lang='lat' dir='ltr'><strong>repraesentant.</strong></span> <span class='ocrx_word' id='word_1_11' title='bbox 1836 638 2034 719; x_wconf 84' lang='lat' dir='ltr'>Olim</span> <span class='ocrx_word' id='word_1_12' title='bbox 2077 650 2286 727; x_wconf 82' lang='lat' dir='ltr'><strong>etiam</strong></span> <span class='ocrx_word' id='word_1_13' title='bbox 2313 682 2436 754; x_wconf 77' lang='lat' dir='ltr'><strong>ge-</strong></span> 
     </span>
     <span class='ocr_line' id='line_1_3' title="bbox 446 768 2436 883; baseline 0 -36"><span class='ocrx_word' id='word_1_14' title='bbox 446 770 651 847; x_wconf 81' lang='lat' dir='ltr'><strong>melli</strong></span> <span class='ocrx_word' id='word_1_15' title='bbox 685 771 830 845; x_wconf 84' lang='lat' dir='ltr'><strong>nati</strong></span> <span class='ocrx_word' id='word_1_16' title='bbox 858 792 1024 845; x_wconf 84' lang='lat' dir='ltr'><strong>sunt</strong></span> <span class='ocrx_word' id='word_1_17' title='bbox 1054 770 1233 845; x_wconf 86' lang='lat' dir='ltr'><strong>inter</strong></span> <span class='ocrx_word' id='word_1_18' title='bbox 1262 796 1337 844; x_wconf 90' lang='lat' dir='ltr'><strong>se</strong></span> <span class='ocrx_word' id='word_1_19' title='bbox 1363 768 1772 848; x_wconf 76' lang='lat' dir='ltr'><strong>dissimiles:</strong></span> <span class='ocrx_word' id='word_1_20' title='bbox 1823 803 2226 879; x_wconf 81' lang='lat' dir='ltr'><strong>quanquam</strong></span> <span class='ocrx_word' id='word_1_21' title='bbox 2265 788 2436 883; x_wconf 81' lang='lat' dir='ltr'><strong>plu..</strong></span> 
     </span>
     <span class='ocr_line' id='line_1_4' title="bbox 448 903 2434 1017; baseline 0.003 -36"><span class='ocrx_word' id='word_1_22' title='bbox 448 905 613 981; x_wconf 82' lang='lat' dir='ltr'><strong>rimi</strong></span> <span class='ocrx_word' id='word_1_23' title='bbox 644 907 791 979; x_wconf 85' lang='lat' dir='ltr'><strong>fere</strong></span> <span class='ocrx_word' id='word_1_24' title='bbox 816 905 1079 1010; x_wconf 77' lang='lat' dir='ltr'><strong>similes</strong></span> <span class='ocrx_word' id='word_1_25' title='bbox 1112 927 1293 979; x_wconf 88' lang='lat' dir='ltr'><strong>sunt.</strong></span> <span class='ocrx_word' id='word_1_26' title='bbox 1396 903 1588 979; x_wconf 85' lang='lat' dir='ltr'><strong>Nam</strong></span> <span class='ocrx_word' id='word_1_27' title='bbox 1615 934 1778 980; x_wconf 85' lang='lat' dir='ltr'><strong>cum</strong></span> <span class='ocrx_word' id='word_1_28' title='bbox 1805 913 2182 1009; x_wconf 85' lang='lat' dir='ltr'><strong>peperisset</strong></span> <span class='ocrx_word' id='word_1_29' title='bbox 2209 948 2434 1017; x_wconf 75' lang='lat' dir='ltr'><strong>quae-</strong></span> 
     </span>
     <span class='ocr_line' id='line_1_5' title="bbox 444 1036 2426 1151; baseline 0.008 -36"><span class='ocrx_word' id='word_1_30' title='bbox 444 1036 607 1115; x_wconf 76' lang='lat' dir='ltr'><strong>dam</strong></span> <span class='ocrx_word' id='word_1_31' title='bbox 644 1040 1092 1139; x_wconf 82' lang='lat' dir='ltr'><strong>septimoque</strong></span> <span class='ocrx_word' id='word_1_32' title='bbox 1120 1054 1297 1140; x_wconf 83' lang='lat' dir='ltr'><strong>&#39;post</strong></span> <span class='ocrx_word' id='word_1_33' title='bbox 1335 1038 1455 1112; x_wconf 87' lang='lat' dir='ltr'><strong>die</strong></span> <span class='ocrx_word' id='word_1_34' title='bbox 1503 1061 1574 1113; x_wconf 87' lang='lat' dir='ltr'><strong>et</strong></span> <span class='ocrx_word' id='word_1_35' title='bbox 1595 1041 1844 1117; x_wconf 84' lang='lat' dir='ltr'><strong>coisset</strong></span> <span class='ocrx_word' id='word_1_36' title='bbox 1879 1064 1948 1117; x_wconf 92' lang='lat' dir='ltr'><strong>et</strong></span> <span class='ocrx_word' id='word_1_37' title='bbox 1979 1055 2426 1151; x_wconf 84' lang='lat' dir='ltr'><strong>concepisset,</strong></span> 
     </span>
     <span class='ocr_line' id='line_1_6' title="bbox 438 1172 2422 1279; baseline 0.006 -35"><span class='ocrx_word' id='word_1_38' title='bbox 438 1204 479 1274; x_wconf 70' lang='lat'><strong>1·</strong></span> <span class='ocrx_word' id='word_1_39' title='bbox 490 1176 717 1275; x_wconf 73' lang='lat' dir='ltr'><strong>operit</strong></span> <span class='ocrx_word' id='word_1_40' title='bbox 735 1175 1193 1275; x_wconf 82' lang='lat' dir='ltr'><strong>posteriorem</strong></span> <span class='ocrx_word' id='word_1_41' title='bbox 1217 1172 1445 1272; x_wconf 84' lang='lat' dir='ltr'><strong>priori</strong></span> <span class='ocrx_word' id='word_1_42' title='bbox 1475 1175 1780 1249; x_wconf 82' lang='lat' dir='ltr'><strong>similem</strong></span> <span class='ocrx_word' id='word_1_43' title='bbox 1795 1180 1998 1279; x_wconf 80' lang='lat' dir='ltr'><strong>quasi</strong></span> <span class='ocrx_word' id='word_1_44' title='bbox 2019 1184 2422 1277; x_wconf 82' lang='lat' dir='ltr'><strong>gemellum.</strong></span> 
     </span>
     <span class='ocr_line' id='line_1_7' title="bbox 442 1306 2421 1419; baseline 0.006 -36"><span class='ocrx_word' id='word_1_45' title='bbox 442 1310 629 1383; x_wconf 85' lang='lat' dir='ltr'><strong>Sunt</strong></span> <span class='ocrx_word' id='word_1_46' title='bbox 666 1308 879 1383; x_wconf 89' lang='lat' dir='ltr'><strong>etiam</strong></span> <span class='ocrx_word' id='word_1_47' title='bbox 916 1306 1215 1381; x_wconf 87' lang='lat' dir='ltr'><strong>feminae</strong></span> <span class='ocrx_word' id='word_1_48' title='bbox 1265 1306 1377 1407; x_wconf 90' lang='lat' dir='ltr'><strong>[in</strong></span> <span class='ocrx_word' id='word_1_49' title='bbox 1416 1309 1660 1385; x_wconf 86' lang='lat' dir='ltr'><strong>ceteris</strong></span> <span class='ocrx_word' id='word_1_50' title='bbox 1699 1312 2118 1387; x_wconf 81' lang='lat' dir='ltr'><strong>animalibus</strong></span> <span class='ocrx_word' id='word_1_51' title='bbox 2128 1315 2188 1415; x_wconf 88' lang='lat'><strong>‚]</strong></span> <span class='ocrx_word' id='word_1_52' title='bbox 2241 1335 2421 1419; x_wconf 78' lang='lat' dir='ltr'><strong>quae</strong></span> 
     </span>
     <span class='ocr_line' id='line_1_8' title="bbox 440 1441 2418 1549; baseline 0.007 -36"><span class='ocrx_word' id='word_1_53' title='bbox 440 1442 577 1517; x_wconf 87' lang='lat' dir='ltr'><strong>sibi</strong></span> <span class='ocrx_word' id='word_1_54' title='bbox 593 1498 616 1537; x_wconf 86' lang='lat'>‚</span> <span class='ocrx_word' id='word_1_55' title='bbox 669 1441 877 1536; x_wconf 83' lang='lat' dir='ltr'><strong>aliae,</strong></span> <span class='ocrx_word' id='word_1_56' title='bbox 911 1467 1093 1540; x_wconf 87' lang='lat' dir='ltr'><strong>quae</strong></span> <span class='ocrx_word' id='word_1_57' title='bbox 1126 1443 1313 1541; x_wconf 82' lang='lat' dir='ltr'><strong>patri</strong></span> <span class='ocrx_word' id='word_1_58' title='bbox 1347 1442 1612 1519; x_wconf 73' lang='lat' dir='ltr'><strong>similes</strong></span> <span class='ocrx_word' id='word_1_59' title='bbox 1655 1468 2016 1543; x_wconf 85' lang='lat' dir='ltr'><strong>generent:</strong></span> <span class='ocrx_word' id='word_1_60' title='bbox 2079 1450 2308 1549; x_wconf 76' lang='lat' dir='ltr'><strong>qualis</strong></span> <span class='ocrx_word' id='word_1_61' title='bbox 2339 1450 2418 1527; x_wconf 88' lang='lat' dir='ltr'><strong>in</strong></span> 
     </span>
     <span class='ocr_line' id='line_1_9' title="bbox 320 1574 2037 1678; baseline 0.004 -26"><span class='ocrx_word' id='word_1_62' title='bbox 320 1574 325 1579; x_wconf 67' lang='grc'><em>’</em></span> <span class='ocrx_word' id='word_1_63' title='bbox 441 1576 798 1653; x_wconf 82' lang='lat' dir='ltr'><strong>Pharsalia</strong></span> <span class='ocrx_word' id='word_1_64' title='bbox 836 1602 1015 1676; x_wconf 83' lang='lat' dir='ltr'><strong>equa</strong></span> <span class='ocrx_word' id='word_1_65' title='bbox 1028 1632 1053 1673; x_wconf 84' lang='lat'>‚</span> <span class='ocrx_word' id='word_1_66' title='bbox 1104 1604 1287 1678; x_wconf 79' lang='lat' dir='ltr'><strong>quae</strong></span> <span class='ocrx_word' id='word_1_67' title='bbox 1313 1578 1503 1655; x_wconf 84' lang='lat' dir='ltr'><strong>Iusta</strong></span> <span class='ocrx_word' id='word_1_68' title='bbox 1525 1578 2037 1663; x_wconf 81' lang='lat' dir='ltr'><strong>nominabatur.</strong></span> 
     </span>
    </p>
   </div>
   <div class='ocr_carea' id='block_1_3' title="bbox 412 1802 2409 3156">
    <p class='ocr_par' dir='ltr' id='par_1_3' title="bbox 772 1802 2074 1916">
     <span class='ocr_line' id='line_1_10' title="bbox 772 1802 2074 1916; baseline -0.001 -22"><span class='ocrx_word' id='word_1_69' title='bbox 772 1815 837 1894; x_wconf 84' lang='lat' dir='ltr'>C</span> <span class='ocrx_word' id='word_1_70' title='bbox 883 1816 958 1893; x_wconf 81' lang='lat' dir='ltr'>A</span> <span class='ocrx_word' id='word_1_71' title='bbox 1004 1802 1085 1894; x_wconf 82' lang='lat' dir='ltr'><strong>P.</strong></span> <span class='ocrx_word' id='word_1_72' title='bbox 1185 1811 1353 1895; x_wconf 83' lang='lat' dir='ltr'><strong>VII.</strong></span> <span class='ocrx_word' id='word_1_73' title='bbox 1456 1811 1846 1914; x_wconf 79' lang='lat' dir='ltr'><strong>(scaligero</strong></span> <span class='ocrx_word' id='word_1_74' title='bbox 1942 1816 2074 1916; x_wconf 83' lang='lat' dir='ltr'><strong>X.)</strong></span> 
     </span>
    </p>

    <p class='ocr_par' dir='ltr' id='par_1_4' title="bbox 412 1980 2409 3156">
     <span class='ocr_line' id='line_1_11' title="bbox 574 1980 2406 2089; baseline 0.005 -32"><span class='ocrx_word' id='word_1_75' title='bbox 574 1980 665 2057; x_wconf 83' lang='lat' dir='ltr'><strong>In</strong></span> <span class='ocrx_word' id='word_1_76' title='bbox 724 1984 1009 2089; x_wconf 86' lang='lat' dir='ltr'><strong>seminis</strong></span> <span class='ocrx_word' id='word_1_77' title='bbox 1070 1984 1265 2061; x_wconf 84' lang='lat' dir='ltr'><strong>exitu</strong></span> <span class='ocrx_word' id='word_1_78' title='bbox 1310 1980 1631 2083; x_wconf 86' lang='lat' dir='ltr'><strong>primum</strong></span> <span class='ocrx_word' id='word_1_79' title='bbox 1689 1980 1980 2081; x_wconf 84' lang='lat' dir='ltr'><strong>spiritus</strong></span> <span class='ocrx_word' id='word_1_80' title='bbox 2025 1985 2366 2064; x_wconf 77' lang='lat' dir='ltr'><strong>antecedit</strong></span> <span class='ocrx_word' id='word_1_81' title='bbox 2382 2018 2406 2067; x_wconf 75' lang='lat' dir='ltr'><strong>t</strong></span> 
     </span>
     <span class='ocr_line' id='line_1_12' title="bbox 424 2112 2407 2216; baseline 0.002 -25"><span class='ocrx_word' id='word_1_82' title='bbox 424 2115 731 2193; x_wconf 80' lang='lat' dir='ltr'><strong>ostendit</strong></span> <span class='ocrx_word' id='word_1_83' title='bbox 765 2142 999 2195; x_wconf 87' lang='lat' dir='ltr'><strong>autem</strong></span> <span class='ocrx_word' id='word_1_84' title='bbox 1028 2121 1253 2197; x_wconf 84' lang='lat' dir='ltr'><strong>exitus</strong></span> <span class='ocrx_word' id='word_1_85' title='bbox 1280 2116 1452 2215; x_wconf 84' lang='lat' dir='ltr'><strong>ipse,</strong></span> <span class='ocrx_word' id='word_1_86' title='bbox 1483 2112 1682 2214; x_wconf 87' lang='lat' dir='ltr'><strong>quod</strong></span> <span class='ocrx_word' id='word_1_87' title='bbox 1707 2116 1830 2190; x_wconf 81' lang='lat' dir='ltr'><strong>fiat</strong></span> <span class='ocrx_word' id='word_1_88' title='bbox 1860 2142 1901 2189; x_wconf 82' lang='lat' dir='ltr'><strong>a</strong></span> <span class='ocrx_word' id='word_1_89' title='bbox 1929 2116 2204 2216; x_wconf 77' lang='lat' dir='ltr'><strong>spiritu.</strong></span> <span class='ocrx_word' id='word_1_90' title='bbox 2257 2120 2407 2197; x_wconf 81' lang='lat' dir='ltr'><strong>Ni·-</strong></span> 
     </span>
     <span class='ocr_line' id='line_1_13' title="bbox 420 2222 2406 2351; baseline 0.005 -30"><span class='ocrx_word' id='word_1_91' title='bbox 420 2248 537 2321; x_wconf 76' lang='lat' dir='ltr'><strong>hn</strong></span> <span class='ocrx_word' id='word_1_92' title='bbox 584 2222 789 2325; x_wconf 70' lang='lat' dir='ltr'><strong>enim&#39;</strong></span> <span class='ocrx_word' id='word_1_93' title='bbox 822 2252 1078 2351; x_wconf 80' lang='lat' dir='ltr'><strong>procul</strong></span> <span class='ocrx_word' id='word_1_94' title='bbox 1118 2248 1373 2325; x_wconf 62' lang='lat' dir='ltr'><strong>tanim</strong></span> <span class='ocrx_word' id='word_1_95' title='bbox 1416 2248 1566 2323; x_wconf 69' lang='lat' dir='ltr'><strong>sine</strong></span> <span class='ocrx_word' id='word_1_96' title='bbox 1589 2248 1662 2324; x_wconf 75' lang='lat' dir='ltr'><strong>vi</strong></span> <span class='ocrx_word' id='word_1_97' title='bbox 1705 2249 2073 2350; x_wconf 64' lang='lat' dir='ltr'><strong>spirituali.</strong></span> <span class='ocrx_word' id='word_1_98' title='bbox 2173 2253 2406 2346; x_wconf 82' lang='lat' dir='ltr'>Exoe-</span> 
     </span>
     <span class='ocr_line' id='line_1_14' title="bbox 419 2383 2409 2487; baseline 0.004 -29"><span class='ocrx_word' id='word_1_99' title='bbox 419 2404 629 2485; x_wconf 86' lang='lat' dir='ltr'><strong>ptum</strong></span> <span class='ocrx_word' id='word_1_100' title='bbox 708 2383 797 2457; x_wconf 85' lang='lat' dir='ltr'><strong>ab</strong></span> <span class='ocrx_word' id='word_1_101' title='bbox 829 2404 1025 2461; x_wconf 86' lang='lat' dir='ltr'><strong>vtero</strong></span> <span class='ocrx_word' id='word_1_102' title='bbox 1086 2408 1367 2481; x_wconf 85' lang='lat' dir='ltr'><strong>semen,</strong></span> <span class='ocrx_word' id='word_1_103' title='bbox 1445 2384 1568 2459; x_wconf 80' lang='lat' dir='ltr'><strong>vbi</strong></span> <span class='ocrx_word' id='word_1_104' title='bbox 1635 2383 2088 2460; x_wconf 84' lang='lat' dir='ltr'><strong>immoratum</strong></span> <span class='ocrx_word' id='word_1_105' title='bbox 2151 2388 2364 2465; x_wconf 79' lang='lat' dir='ltr'><strong>fuerit</strong></span> <span class='ocrx_word' id='word_1_106' title='bbox 2375 2399 2409 2487; x_wconf 80' lang='lat'><strong>,&#39;</strong></span> 
     </span>
     <span class='ocr_line' id='line_1_15' title="bbox 418 2516 2400 2624; baseline 0.004 -33"><span class='ocrx_word' id='word_1_107' title='bbox 418 2516 829 2593; x_wconf 86' lang='lat' dir='ltr'><strong>membrana</strong></span> <span class='ocrx_word' id='word_1_108' title='bbox 857 2516 1253 2593; x_wconf 83' lang='lat' dir='ltr'><strong>obducitur.</strong></span> <span class='ocrx_word' id='word_1_109' title='bbox 1340 2516 1425 2593; x_wconf 85' lang='lat' dir='ltr'><strong>Si</strong></span> <span class='ocrx_word' id='word_1_110' title='bbox 1456 2516 1647 2593; x_wconf 89' lang='lat' dir='ltr'><strong>enim</strong></span> <span class='ocrx_word' id='word_1_111' title='bbox 1679 2518 1878 2619; x_wconf 84' lang='lat' dir='ltr'><strong>prius</strong></span> <span class='ocrx_word' id='word_1_112' title='bbox 1903 2541 2133 2616; x_wconf 79' lang='lat' dir='ltr'><strong>exeat,</strong></span> <span class='ocrx_word' id='word_1_113' title='bbox 2181 2550 2400 2624; x_wconf 81' lang='lat' dir='ltr'><strong>quam</strong></span> 
     </span>
     <span class='ocr_line' id='line_1_16' title="bbox 414 2648 2400 2754; baseline 0.003 -29"><span class='ocrx_word' id='word_1_114' title='bbox 414 2648 945 2747; x_wconf 79' lang='lat' dir='ltr'><strong>dearticuletur,</strong></span> <span class='ocrx_word' id='word_1_115' title='bbox 992 2648 1271 2729; x_wconf 83' lang='lat' dir='ltr'><strong>videtur</strong></span> <span class='ocrx_word' id='word_1_116' title='bbox 1299 2653 1504 2754; x_wconf 81' lang='lat' dir='ltr'><strong>quasi</strong></span> <span class='ocrx_word' id='word_1_117' title='bbox 1535 2651 1772 2750; x_wconf 68' lang='lat' dir='ltr'><strong>[ouum</strong></span> <span class='ocrx_word' id='word_1_118' title='bbox 1815 2654 2222 2727; x_wconf 88' lang='lat' dir='ltr'><strong>membrana</strong></span> <span class='ocrx_word' id='word_1_119' title='bbox 2257 2658 2400 2730; x_wconf 89' lang='lat' dir='ltr'><strong>ob-</strong></span> 
     </span>
     <span class='ocr_line' id='line_1_17' title="bbox 412 2782 2398 2886; baseline -0.001 -24"><span class='ocrx_word' id='word_1_120' title='bbox 412 2806 707 2876; x_wconf 81' lang='lat' dir='ltr'><strong>tectum,</strong></span> <span class='ocrx_word' id='word_1_121' title='bbox 786 2787 909 2861; x_wconf 84' lang='lat' dir='ltr'><strong>eui</strong></span> <span class='ocrx_word' id='word_1_122' title='bbox 944 2806 1279 2886; x_wconf 85' lang='lat' dir='ltr'><strong>putamen</strong></span> <span class='ocrx_word' id='word_1_123' title='bbox 1322 2784 1716 2860; x_wconf 80' lang='lat' dir='ltr'><strong>detractum</strong></span> <span class='ocrx_word' id='word_1_124' title='bbox 1749 2786 1860 2861; x_wconf 87' lang='lat' dir='ltr'><strong>sit.</strong></span> <span class='ocrx_word' id='word_1_125' title='bbox 1979 2782 2398 2861; x_wconf 82' lang='lat' dir='ltr'><strong>Membrana</strong></span> 
     </span>
     <span class='ocr_line' id='line_1_18' title="bbox 412 2916 2394 3022; baseline -0.002 -27"><span class='ocrx_word' id='word_1_126' title='bbox 412 2940 650 2995; x_wconf 83' lang='lat' dir='ltr'><strong>autem</strong></span> <span class='ocrx_word' id='word_1_127' title='bbox 674 2918 799 2993; x_wconf 84' lang='lat' dir='ltr'><strong>illa</strong></span> <span class='ocrx_word' id='word_1_128' title='bbox 827 2934 1167 2996; x_wconf 84' lang='lat' dir='ltr'><strong>venarum</strong></span> <span class='ocrx_word' id='word_1_129' title='bbox 1195 2920 1403 3022; x_wconf 86' lang='lat' dir='ltr'><strong>plena</strong></span> <span class='ocrx_word' id='word_1_130' title='bbox 1438 2940 1556 2993; x_wconf 83' lang='lat' dir='ltr'><strong>est.</strong></span> <span class='ocrx_word' id='word_1_131' title='bbox 1605 2918 1869 2993; x_wconf 80' lang='lat' dir='ltr'><strong>Omnia</strong></span> <span class='ocrx_word' id='word_1_132' title='bbox 1897 2916 2229 3019; x_wconf 75' lang='lat' dir='ltr'><strong>animalia</strong></span> <span class='ocrx_word' id='word_1_133' title='bbox 2249 2938 2394 3003; x_wconf 81' lang='lat' dir='ltr'><strong>tam</strong></span> 
     </span>
     <span class='ocr_line' id='line_1_19' title="bbox 414 3051 2392 3156; baseline -0.001 -30"><span class='ocrx_word' id='word_1_134' title='bbox 414 3051 727 3127; x_wconf 78' lang='lat' dir='ltr'><strong>natatilia</strong></span> <span class='ocrx_word' id='word_1_135' title='bbox 768 3077 983 3149; x_wconf 86' lang='lat' dir='ltr'><strong>quam</strong></span> <span class='ocrx_word' id='word_1_136' title='bbox 1008 3082 1189 3156; x_wconf 80' lang='lat' dir='ltr'><strong>quae</strong></span> <span class='ocrx_word' id='word_1_137' title='bbox 1230 3052 1459 3129; x_wconf 82' lang='lat' dir='ltr'><strong>humo</strong></span> <span class='ocrx_word' id='word_1_138' title='bbox 1505 3054 1654 3129; x_wconf 84' lang='lat' dir='ltr'><strong>sola</strong></span> <span class='ocrx_word' id='word_1_139' title='bbox 1697 3051 2020 3127; x_wconf 82' lang='lat' dir='ltr'><strong>nituntur</strong></span> <span class='ocrx_word' id='word_1_140' title='bbox 2033 3105 2058 3145; x_wconf 91' lang='lat'>,</span> <span class='ocrx_word' id='word_1_141' title='bbox 2106 3072 2229 3125; x_wconf 87' lang='lat' dir='ltr'><strong>aut</strong></span> <span class='ocrx_word' id='word_1_142' title='bbox 2255 3078 2392 3129; x_wconf 82' lang='lat' dir='ltr'><strong>vo-</strong></span> 
     </span>
    </p>
   </div>
   <div class='ocr_carea' id='block_1_4' title="bbox 414 3184 2550 3289">
    <p class='ocr_par' dir='ltr' id='par_1_5' title="bbox 414 3184 2550 3289">
     <span class='ocr_line' id='line_1_20' title="bbox 414 3184 2550 3289; baseline -0 -31"><span class='ocrx_word' id='word_1_143' title='bbox 414 3185 569 3259; x_wconf 85' lang='lat' dir='ltr'><strong>latu</strong></span> <span class='ocrx_word' id='word_1_144' title='bbox 628 3206 1004 3260; x_wconf 85' lang='lat' dir='ltr'><strong>mouentur</strong></span> <span class='ocrx_word' id='word_1_145' title='bbox 1020 3242 1041 3280; x_wconf 89' lang='lat'><strong>,</strong></span> <span class='ocrx_word' id='word_1_146' title='bbox 1105 3214 1425 3289; x_wconf 83' lang='lat' dir='ltr'><strong>quaeque</strong></span> <span class='ocrx_word' id='word_1_147' title='bbox 1489 3186 1816 3263; x_wconf 86' lang='lat' dir='ltr'><strong>animalis</strong></span> <span class='ocrx_word' id='word_1_148' title='bbox 1881 3210 2203 3284; x_wconf 79' lang='lat' dir='ltr'><strong>quaeque</strong></span> <span class='ocrx_word' id='word_1_149' title='bbox 2265 3184 2388 3261; x_wconf 85' lang='lat' dir='ltr'><strong>oui</strong></span> <span class='ocrx_word' id='word_1_150' title='bbox 2545 3204 2550 3209; x_wconf 83' lang='grc'><em>’</em></span> 
     </span>
    </p>
   </div>
   <div class='ocr_carea' id='block_1_5' title="bbox 404 3316 2460 4094">
    <p class='ocr_par' dir='ltr' id='par_1_6' title="bbox 404 3316 2460 4094">
     <span class='ocr_line' id='line_1_21' title="bbox 412 3316 2385 3421; baseline -0.002 -28"><span class='ocrx_word' id='word_1_151' title='bbox 412 3317 785 3420; x_wconf 77' lang='lat' dir='ltr'><strong>principiis</strong></span> <span class='ocrx_word' id='word_1_152' title='bbox 830 3340 1307 3421; x_wconf 86' lang='lat' dir='ltr'><strong>prouenerunt</strong></span> <span class='ocrx_word' id='word_1_153' title='bbox 1323 3373 1348 3410; x_wconf 90' lang='lat'><strong><em>,</em></strong></span> <span class='ocrx_word' id='word_1_154' title='bbox 1394 3320 1614 3395; x_wconf 82' lang='lat' dir='ltr'><strong>simili</strong></span> <span class='ocrx_word' id='word_1_155' title='bbox 1661 3316 1880 3407; x_wconf 83' lang='lat' dir='ltr'><strong>modo</strong></span> <span class='ocrx_word' id='word_1_156' title='bbox 1929 3338 2385 3419; x_wconf 82' lang='lat' dir='ltr'><strong>generantur:</strong></span> 
     </span>
     <span class='ocr_line' id='line_1_22' title="bbox 410 3450 2386 3553; baseline 0 -24"><span class='ocrx_word' id='word_1_157' title='bbox 410 3455 551 3529; x_wconf 89' lang='lat' dir='ltr'><strong>nisi</strong></span> <span class='ocrx_word' id='word_1_158' title='bbox 590 3450 785 3553; x_wconf 82' lang='lat' dir='ltr'><strong>quod</strong></span> <span class='ocrx_word' id='word_1_159' title='bbox 798 3507 822 3548; x_wconf 88' lang='lat'>‚</span> <span class='ocrx_word' id='word_1_160' title='bbox 873 3480 1053 3553; x_wconf 74' lang='lat' dir='ltr'><strong>quae</strong></span> <span class='ocrx_word' id='word_1_161' title='bbox 1090 3454 1409 3537; x_wconf 85' lang='lat' dir='ltr'><strong>animalis</strong></span> <span class='ocrx_word' id='word_1_162' title='bbox 1454 3454 1682 3529; x_wconf 82' lang='lat' dir='ltr'><strong>forma</strong></span> <span class='ocrx_word' id='word_1_163' title='bbox 1723 3450 2050 3548; x_wconf 86' lang='lat' dir='ltr'><strong>eduntur,</strong></span> <span class='ocrx_word' id='word_1_164' title='bbox 2099 3452 2386 3552; x_wconf 78' lang='lat' dir='ltr'><strong>apposi-</strong></span> 
     </span>
     <span class='ocr_line' id='line_1_23' title="bbox 408 3584 2460 3665; baseline -0.001 -6"><span class='ocrx_word' id='word_1_165' title='bbox 408 3608 565 3661; x_wconf 87' lang='lat' dir='ltr'><strong>tum</strong></span> <span class='ocrx_word' id='word_1_166' title='bbox 578 3587 789 3663; x_wconf 79' lang='lat' dir='ltr'><strong>vteris</strong></span> <span class='ocrx_word' id='word_1_167' title='bbox 814 3586 1079 3663; x_wconf 83' lang='lat' dir='ltr'><strong>habent</strong></span> <span class='ocrx_word' id='word_1_168' title='bbox 1096 3586 1547 3665; x_wconf 76' lang='lat' dir='ltr'><strong>mbilicum:</strong></span> <span class='ocrx_word' id='word_1_169' title='bbox 1593 3586 1722 3661; x_wconf 84' lang='lat' dir='ltr'><strong>illa</strong></span> <span class='ocrx_word' id='word_1_170' title='bbox 1749 3598 1984 3663; x_wconf 79' lang='lat' dir='ltr'><strong>autem‘</strong></span> <span class='ocrx_word' id='word_1_171' title='bbox 2011 3584 2105 3659; x_wconf 88' lang='lat' dir='ltr'><strong>ad</strong></span> <span class='ocrx_word' id='word_1_172' title='bbox 2125 3610 2380 3661; x_wconf 86' lang='lat' dir='ltr'><strong>ouum:</strong></span> <span class='ocrx_word' id='word_1_173' title='bbox 2453 3634 2460 3643; x_wconf 91' lang='lat'><em>-</em></span> 
     </span>
     <span class='ocr_line' id='line_1_24' title="bbox 410 3718 2386 3823; baseline -0.001 -31"><span class='ocrx_word' id='word_1_174' title='bbox 410 3721 547 3793; x_wconf 79' lang='lat' dir='ltr'><strong>alia</strong></span> <span class='ocrx_word' id='word_1_175' title='bbox 578 3742 811 3797; x_wconf 82' lang='lat' dir='ltr'><strong>autem</strong></span> <span class='ocrx_word' id='word_1_176' title='bbox 854 3744 1151 3823; x_wconf 83' lang='lat' dir='ltr'><strong>vtroque</strong></span> <span class='ocrx_word' id='word_1_177' title='bbox 1196 3719 1449 3811; x_wconf 77' lang='lat' dir='ltr'><strong>mode,</strong></span> <span class='ocrx_word' id='word_1_178' title='bbox 1495 3722 1716 3799; x_wconf 84' lang='lat' dir='ltr'><strong>veluti</strong></span> <span class='ocrx_word' id='word_1_179' title='bbox 1743 3722 1822 3798; x_wconf 85' lang='lat' dir='ltr'><strong>in</strong></span> <span class='ocrx_word' id='word_1_180' title='bbox 1851 3719 2154 3822; x_wconf 85' lang='lat' dir='ltr'><strong>piscium</strong></span> <span class='ocrx_word' id='word_1_181' title='bbox 2182 3718 2386 3811; x_wconf 76' lang='lat' dir='ltr'><strong>(car-</strong></span> 
     </span>
     <span class='ocr_line' id='line_1_25' title="bbox 404 3848 2380 3959; baseline -0.002 -35"><span class='ocrx_word' id='word_1_182' title='bbox 404 3855 1005 3954; x_wconf 64' lang='lat' dir='ltr'><strong>tilagine-orum)</strong></span> <span class='ocrx_word' id='word_1_183' title='bbox 1048 3856 1361 3959; x_wconf 83' lang='lat' dir='ltr'><strong>quodam</strong></span> <span class='ocrx_word' id='word_1_184' title='bbox 1404 3884 1672 3959; x_wconf 82' lang='lat' dir='ltr'><strong>genere.</strong></span> <span class='ocrx_word' id='word_1_185' title='bbox 1771 3855 1866 3929; x_wconf 84' lang='lat' dir='ltr'><strong>Et</strong></span> <span class='ocrx_word' id='word_1_186' title='bbox 1903 3854 1982 3927; x_wconf 91' lang='lat' dir='ltr'><strong>in</strong></span> <span class='ocrx_word' id='word_1_187' title='bbox 2027 3848 2380 3951; x_wconf 79' lang='lat' dir='ltr'><strong>aliquibus</strong></span> 
     </span>
     <span class='ocr_line' id='line_1_26' title="bbox 410 3977 2382 4094; baseline -0.001 -33"><span class='ocrx_word' id='word_1_188' title='bbox 410 3988 861 4085; x_wconf 79' lang='lat' dir='ltr'><strong>membranae</strong></span> <span class='ocrx_word' id='word_1_189' title='bbox 882 3990 1083 4093; x_wconf 73' lang='lat' dir='ltr'><strong>‹piasi</strong></span> <span class='ocrx_word' id='word_1_190' title='bbox 1105 3990 1486 4094; x_wconf 79' lang='lat' dir='ltr'><strong>quaedam,</strong></span> <span class='ocrx_word' id='word_1_191' title='bbox 1517 3993 1596 4069; x_wconf 82' lang='lat' dir='ltr'><strong>in</strong></span> <span class='ocrx_word' id='word_1_192' title='bbox 1625 3992 1780 4066; x_wconf 81' lang='lat' dir='ltr'><strong>aliis</strong></span> <span class='ocrx_word' id='word_1_193' title='bbox 1805 3977 2040 4074; x_wconf 77' lang='lat' dir='ltr'><strong>autem</strong></span> <span class='ocrx_word' id='word_1_194' title='bbox 2063 3984 2382 4062; x_wconf 79' lang='lat' dir='ltr'><strong>ambiunt</strong></span> 
     </span>
    </p>
   </div>
  </div>
 </body>
</html>
