2917 4959
665 430 803 502 ωδ
1257 424 2015 528 Ams'ro'rnms

655 615 898 685 firmae
935 635 1078 682 non
1126 607 1358 710 potius
1407 607 1637 708 frangi
1667 637 1884 709 quam
1932 608 2101 682 elidi
2144 608 2288 684 dici
2332 613 2623 689 debent:

657 742 999 820 eiusmodi
1023 763 1187 816 sunt
1217 744 1518 817 locustae
1548 745 1964 843 (marinae)
1998 765 2065 818 et
2100 750 2352 820 cancri.
2440 749 2631 824 Ter..

653 878 837 954 tium
877 896 1330 950 testaceorum
1373 897 1508 950 est:
1558 875 1675 950 his
1720 878 1907 952 intus
1939 899 2040 954 est
2070 908 2395 956 carnacea
2443 911 2631 982 pars,

653 1011 826 1088 foris
870 1015 1091 1084 firma.
1195 1011 1395 1100 Quae
1441 1032 1512 1085 et
1556 1013 1743 1086 flexu
1788 1014 2014 1113 frangi
2059 1039 2127 1088 et
2174 1017 2318 1090 ictu
2365 1019 2633 1116 rumpi,

655 1169 724 1222 at
769 1145 938 1222 elidi
977 1172 1121 1220 non
1166 1123 1496 1244 possunt:
1554 1116 1775 1246 ‘quale‘
1822 1175 2037 1246 genus
2089 1149 2513 1225 concharum
2562 1171 2634 1223 et

556 1302 599 1362 3
663 1303 1050 1375 ostrearum
1095 1300 1213 1352 est.
1319 1279 1673 1370 Quartum
1734 1307 1949 1378 genus
2012 1282 2435 1377 insectorum
2494 1305 2633 1378 est,

655 1446 802 1521 quo
853 1416 1112 1490 multae
1145 1412 1405 1513 species
1449 1435 1518 1488 et
1564 1411 1935 1488 dissimiles
1984 1415 2265 1514 [vulgo
2308 1387 2461 1492 sine
2496 1447 2635 1492 no-

653 1549 880 1649 mine]
914 1549 1378 1623 continentur.
1465 1548 1735 1626 Insecta
1760 1570 1955 1643 sunt,
2006 1576 2187 1648 quae
2202 1605 2223 1643 ,
2278 1571 2351 1624 vt
2372 1579 2635 1626 nomen

654 1686 916 1760 indicat
930 1739 953 1779 ,
1001 1703 1303 1756 secturas
1343 1683 1611 1758 habent
1652 1706 1773 1758 aut
1814 1684 2125 1784 partibus
2153 1684 2634 1781 superioribus

651 1842 770 1897 aut
817 1816 1264 1892 inferioribus
1299 1838 1420 1892 aut
1453 1819 1806 1918 Vtrisque:
1859 1844 2175 1918 quaeque
2215 1842 2345 1890 nec
2382 1845 2631 1893 carnea

653 1981 881 2056 neque
925 1978 1114 2028 ossea
1141 1952 1434 2026 seorsim
1455 1951 1812 2054 disposita
1852 1973 2048 2055 parte
2090 1954 2421 2054 quapiam
2451 1981 2630 2028 oon-

652 2091 891 2164 stituta
938 2108 1098 2160 sunt
1118 2142 1139 2180 ,
1208 2083 1331 2158 sed
1376 2085 1606 2161 media
1652 2084 1955 2187 quadam
1998 2109 2245 2160 natura
2289 2107 2625 2160 constant.

649 2223 919 2298 Eorum
943 2245 1248 2322 namque
1278 2221 1755 2321 corpusintus
1778 2221 2093 2322 forisque
2126 2241 2341 2322 aeque
2356 2213 2630 2294 'durum

651 2378 772 2434 est.
872 2357 1140 2429 Eorum
1193 2355 1537 2456 quaedam
1582 2357 1732 2430 sine
1779 2359 1909 2430 alis
1953 2349 2149 2447 sunt,
2199 2375 2280 2432 vt
2324 2357 2512 2428 iulus
2564 2377 2631 2429 et

648 2487 1044 2589 centipedam
1095 2489 1679 2592 (scolopendra3)
1726 2488 2069 2591 quaedam
2112 2491 2323 2582 alata,
2372 2513 2451 2566 vt
2484 2492 2630 2590 apis

650 2646 720 2703 et
777 2627 1174 2700 scarabaeus
1190 2681 1213 2721 ,
1293 2624 1833 2724 (melolontha‚)
1898 2645 1967 2696 et
2028 2649 2256 2722 vespa.
2324 2623 2631 2721 (sphex.)

645 2761 848 2838 Idem
893 2757 1177 2862 quoque
1217 2787 1434 2860 genus
1480 2782 1550 2836 et
1584 2761 1843 2836 alatum
1878 2780 1977 2833 est
2010 2780 2080 2832 et
2120 2759 2247 2832 alis
2280 2777 2498 2848 earet,
2552 2777 2633 2830 vt

646 2895 958 2970 formica·
983 2915 1053 2968 et
1079 2894 1456 2970 cicindela:
1508 2923 1811 2998 namque
1844 2921 1929 2972 ex
1957 2895 2075 2966 his
2109 2890 2457 2994 quaedam
2492 2917 2629 2974 vo,-

644 3031 814 3124 lant,
838 3029 1180 3130 quaedam
1195 3031 1336 3104 alas
1351 3031 1579 3104 nullas
1590 3029 1867 3106 habent.
1886 3027 2093 3128 [Cap.
2108 3027 2204 3102 II.
2218 3029 2630 3129 scaligero]

545 3173 588 3233 4
647 3165 1159 3242 Mollusoorum
1191 3185 1420 3265 partes
1447 3166 1824 3241 exteriores
1864 3164 2003 3238 hae
2046 3185 2239 3238 sunt:
2294 3193 2427 3243 vna
2460 3164 2631 3262 qui-—

645 3300 809 3376 dem
824 3353 846 3395 ,
898 3327 1114 3400 quam
1139 3319 1393 3377 vocant
1421 3299 1667 3399 pedes:
1721 3301 1975 3394 altera,
2025 3325 2203 3398 quae
2228 3298 2341 3370 his
2366 3297 2628 3387 haeret,

643 3455 890 3536 caput:
967 3436 1241 3512 tertiam
1302 3436 1657 3535 appellant
1702 3435 1985 3509 alueum
1998 3489 2018 3525 ‚
2104 3457 2249 3529 quo
2297 3429 2629 3502 interiora

647 3569 1108 3647 continentur.
1165 3568 1328 3646 Hoc
1349 3569 1587 3644 minus
1616 3588 1797 3640 recte
1822 3563 2151 3642 nonnulli
2179 3563 2253 3660 (e
2276 3562 2631 3661 Gnaeois)

645 3728 857 3809 eaput
887 3708 1340 3807 appellarunt.
1445 3696 1661 3776 Hunc
1688 3703 1969 3774 alueum
1991 3689 2333 3799 piunulae
2360 3697 2629 3772 circum

635 3841 1019 3944 dispositae
1033 3861 1210 3915 sunt.
1305 3829 1664 3911 ‘Conuenit
1676 3837 2011 3911 omnibus
2024 3837 2385 3911 molluscis
2398 3890 2417 3929 ‚
2450 3835 2627 3906 inter

553 3989 592 4053 5
647 3977 862 4076 pedes
889 3999 959 4056 et
993 3995 1303 4057 ventrem
1337 3995 1412 4052 vt
1441 3993 1654 4074 caput
1685 3973 1900 4048 situm
1926 3977 2035 4049 sit.
2088 3972 2309 4048 Pedes
2338 3986 2627 4046 octonos
