2917 4959
672 535 815 602 414
1252 519 2016 614 Amsaeo'rnms

672 735 877 812 atque
921 701 1301 799 eiusmodi,
1373 725 1554 804 quae
1601 700 1913 777 interdiu
1961 702 2200 781 videre
2246 692 2640 805 nequeunt,

668 869 873 922 noctu
906 861 1159 917 venatu
1203 837 1338 911 sihi
1366 837 1632 914 victum
1677 834 2105 937 comparant.
2179 840 2454 917 Verum
2495 869 2646 916 non

661 1001 871 1054 totam
901 995 1179 1048 noctem
1207 971 1287 1046 id
1318 954 1620 1066 fucium3
1673 972 1793 1046 sed
1831 971 2014 1046 circa
2043 975 2548 1073 crepusculum
2578 997 2651 1050 et

660 1135 817 1188 ante
848 1115 1100 1185 lucem.
1182 1109 1550 1182 venantur
1581 1129 1814 1180 mures
1849 1127 1916 1180 et
1941 1107 2230 1182 lacertos
2261 1129 2328 1184 et
2357 1107 2652 1208 sphon-

657 1249 880 1351 dylus,
909 1265 976 1320 et
1005 1240 1351 1318 eiusmodi
1377 1240 1705 1316 animalia
1733 1241 2022 1316 minuta.
2053 1239 2442 1339 [Scaligero
2461 1243 2560 1314 Ca
2573 1271 2662 1340 p..

560 1419 603 1463 2
658 1379 976 1480 XLIV]
1014 1377 1526 1466 Quam‘vocant
1559 1379 1885 1476 phenam,
1919 1373 2403 1475 (ossifragam‚)
2437 1397 2506 1450 et
2517 1376 2631 1448 fe-

658 1519 881 1590 liciter
914 1513 1128 1614 parit,
1180 1530 1249 1584 et
1272 1511 1496 1585 victus
1527 1509 1835 1584 studiosa
1867 1532 1984 1584 est.
2057 1511 2221 1584 Fert
2255 1511 2446 1587 enim
2472 1509 2644 1609 pul-

654 1651 743 1722 lis
788 1672 1031 1720 escam.
1136 1643 1397 1716 Pietate
1428 1669 1714 1744 quoque
1747 1643 2062 1745 praedita
2103 1667 2239 1720 est:
2293 1673 2457 1718 nam
2487 1665 2638 1716 tum

579 1843 587 1858 .
654 1795 815 1856 suos
852 1780 1081 1878 pullos
1111 1775 1392 1870 educat,
1444 1798 1600 1853 tum
1630 1781 1837 1854 etiam
1869 1781 2161 1879 aquilae.
2263 1781 2420 1853 Hos
2449 1778 2636 1852 enim

654 1915 783 1988 illa
826 1939 991 1986 cum
1040 1910 1315 1985 abdicat
1327 1966 1350 2005 ,
1402 1915 1552 1986 cxci
1554 1915 1658 2012 pit
1699 1935 1906 2014 atque
1937 1915 2079 1988 alit.
2181 1912 2416 2014 Exigit
2445 1913 2634 1988 enim

654 2067 1089 2151 praemature
1148 2072 1309 2121 suos
1369 2049 1635 2147 aquila,
1704 2050 1913 2123 etiam
1961 2049 2338 2148 indigentes
2380 2048 2628 2133 victuS,

655 2209 881 2283 neque
928 2180 1103 2254 dum
1136 2181 1443 2258 valentes
1477 2183 1732 2258 volare.
1817 2181 2118 2259 Videtur
2148 2201 2374 2257 autem
2397 2181 2492 2257 ob
2521 2180 2624 2252 li-

651 2344 890 2392 vorem
927 2316 1161 2413 aquila
1194 2314 1271 2389 id
1298 2316 1543 2392 facere.
1637 2317 1902 2417 -Suapte
1935 2319 2125 2393 enim
2159 2339 2403 2394 natura
2432 2336 2532 2392 est
2561 2335 2630 2390 et

646 2446 887 2524 inuida
924 2467 993 2522 et
1025 2450 1500 2546 per-famelica,
1553 2450 1713 2546 (nec
1751 2447 1922 2525 adeo
1951 2455 2252 2524 addunt
2287 2451 2626 2538 Codices)

644 2602 925 2682 promta
954 2601 1024 2656 et
1056 2582 1223 2655 felix
1254 2581 1332 2658 in
1363 2582 1699 2684 capienda
1729 2585 2006 2683 praeda.
2073 2587 2408 2686 Magnam
2438 2587 2627 2661 enim

648 2719 877 2812 refert,
930 2715 1215 2817 qnando
1245 2717 1467 2816 potita
1498 2739 1616 2792 est.
1697 2717 1980 2794 Inuidet
2011 2722 2230 2818 igitur
2255 2725 2474 2823 pullis
2501 2723 2619 2795 ni-

642 2851 1017 2924 tidioribus
1029 2905 1051 2944 ,
1102 2875 1269 2925 cum
1308 2855 1486 2927 bene
1520 2855 1744 2928 affecti
1785 2873 1948 2927 sunt
1987 2855 2076 2930 ad
2107 2857 2526 2933 vescendum
2553 2878 2622 2930 et

602 3045 607 3049 .
637 2983 1089 3074 lacerandum
1132 2987 1503 3086 vnguibuS.
1551 2988 1842 3087 [Vulgo
1861 3005 1987 3060 est
2021 3011 2088 3066 et
2115 2993 2370 3069 lacerat
2397 3001 2620 3086 <vexat

642 3119 1043 3216 Scaliger)
1090 3121 1496 3220 vnguibus]
1594 3121 1916 3220 Pugnant
1960 3127 2167 3200 etiam
2197 3127 2382 3229 pulli
2435 3127 2618 3202 inter

592 3243 595 3247 ⁵
638 3279 707 3326 se
736 3252 1017 3328 deloco
1044 3275 1112 3328 et
1144 3254 1232 3328 de
1266 3255 1445 3329 cibo.
1551 3253 1651 3328 At
1677 3255 1803 3331 illa
1847 3261 2042 3335 eiicit
2070 3291 2184 3338 eos
2213 3285 2424 3362 atque
2451 3291 2616 3340 ver-

631 3385 845 3462 hei-at.
948 3387 1221 3461 Eiectos
1250 3387 1415 3462 illos
1446 3409 1658 3490 atque
1687 3393 2138 3470 vociferantes
2171 3397 2457 3494 suscipit
2487 3425 2616 3470 os—

638 3525 905 3622 sifraga.
974 3519 1095 3594 Est
1122 3521 1296 3596 haec
1326 3526 1548 3598 oculis
1577 3527 1671 3600 oh
1701 3527 2095 3627 albuginem
2123 3527 2424 3602 vitiosis:
2475 3557 2614 3605 ne-

537 3688 577 3749 3
642 3685 781 3758 que
828 3655 1090 3756 integre
1134 3657 1342 3735 videt.
1386 3658 1604 3760 [Cap.
1642 3659 1874 3736 XLV.
1901 3660 2308 3762 Scaliger-0]
2341 3662 2441 3737 At
2469 3663 2614 3738 ha-

634 3791 1101 3868 liaeetus-visu
1134 3813 1237 3868 est
1266 3795 1698 3869 acutissimo:
1750 3795 1986 3892 pullos
2041 3797 2428 3873 etiamnum
2459 3801 2608 3878 im-

632 3931 908 4029 plumes
939 3917 1270 4003 aduersus
1298 3932 1516 4005 solem
1545 3929 1796 4003 intueri
1823 3927 2040 4006 iubet.
2086 3931 2607 4010 Detrectantem

634 4063 862 4136 caedit
894 4083 962 4138 et
986 4065 1345 4140 comici-tit.
1400 4065 1667 4168 Vtrius-
1679 4063 1872 4141 oculi
1901 4068 2100 4169 prius
2131 4069 2598 4172 lacrymarint,
