2917 4959
705 449 797 518 62
1315 403 2089 524 Aitls'roTEms

702 641 1098 748 pauxillum
1134 637 1359 710 carnis
1372 692 1393 728 ‚
1448 657 1658 736 atque
1699 637 1910 711 etiam
1943 638 2128 712 eirca
2161 641 2380 714 imam
2417 645 2682 722 caudae

703 774 1030 854 radicem.
1134 772 1563 872 Sanguinem
1624 776 1897 848 circum
1961 803 2087 851 cor
2139 797 2350 878 atque
2411 783 2680 876 oculos,

698 931 931 1014 partes
964 935 1077 985 eas
1093 961 1115 1002 ,
1165 935 1345 1009 quae
1376 935 1588 1010 supra
1625 937 1756 985 cor
1799 933 1995 1007 sunt,
2048 933 2116 986 et
2157 913 2243 986 iis
2273 915 2348 988 in
2379 917 2680 1012 venulis,

700 1075 883 1148 quae
910 1047 1001 1120 ab
1034 1046 1179 1119 illis
1206 1043 1506 1119 tendunt
1521 1103 1542 1140 ,
1593 1066 1868 1121 tantum
1881 1104 1903 1143 ,
1955 1071 2162 1149 atque
2189 1049 2266 1122 in
2289 1051 2461 1150 ipsis
2487 1081 2686 1152 quo-

602 1199 645 1260 5
706 1213 853 1286 que,
880 1183 1211 1282 exiguum
1258 1179 1663 1256 admodum.
1763 1181 1988 1258 Paulo
2035 1211 2246 1284 supra
2276 1185 2524 1261 oeulos
2557 1215 2682 1262 ee-

700 1323 991 1399 rebrum
1004 1373 1027 1413 ‚
1074 1315 1335 1418 quibus
1378 1315 1588 1389 etiam
1629 1318 2099 1392 continuatur.
2203 1320 2556 1422 Adempta
2589 1324 2682 1396 ab

701 1456 929 1534 oculis
992 1471 1149 1524 cute
1206 1451 1604 1526 continetur
1652 1452 1842 1528 intus
1885 1455 2238 1553 fulgidum
2297 1457 2636 1556 quiddam
2655 1512 2675 1551 ,

701 1589 931 1666 tenuis
960 1585 1204 1663 annuli
1220 1584 1412 1659 aenei
1444 1587 1694 1663 simile.
1748 1581 1933 1664 Toto
1953 1617 2168 1688 paene
2194 1617 2492 1690 corpore
2522 1593 2678 1666 dis-

698 1722 1082 1802 tenduntur
1121 1722 1568 1796 membranae
1606 1723 2036 1821 (Rulmones
2082 1727 2682 1825 membranacei)

696 1859 963 1937 multae
1004 1885 1085 1932 ac
1121 1856 1424 1950 validae,
1481 1858 1830 1958 longeque
1871 1889 2087 1960 quam
2133 1861 2211 1935 in
2260 1863 2500 1937 ceteris
2537 1867 2678 1937 fir-

624 2023 632 2031 ·
691 1997 969 2072 miores.
1072 1994 1313 2093 Spirat
1376 1993 1590 2067 etiam
1633 1993 1968 2069 dissectus
2020 2018 2205 2072 totus
2252 2000 2466 2097 longo
2513 2021 2676 2100 post

692 2151 1043 2232 tempore,
1086 2127 1407 2229 pauxillo
1430 2127 1816 2203 etiamnum
1845 2153 2044 2206 motu
2076 2131 2370 2208 durante
2393 2135 2672 2231 cordis3

694 2285 777 2343 ac
828 2266 1185 2367 praeclare
1229 2263 1587 2338 contrahit
1626 2287 1774 2342 non
1822 2268 2059 2342 solum
2117 2271 2332 2344 latera
2347 2324 2367 2362 ‚
2417 2299 2668 2346 verum

694 2404 905 2477 etiam
948 2421 1206 2474 ceteras
1248 2401 1567 2502 eorporis
1602 2421 1850 2499 partes.
1955 2405 2250 2478 Lienem
2263 2461 2284 2498 ,
2337 2407 2464 2505 qui
2495 2407 2670 2508 qui-

692 2535 859 2610 dem
899 2532 1214 2614 videatur
1228 2587 1252 2632 ,
1332 2533 1617 2610 nullum
1655 2533 1886 2612 habet.
1990 2537 2198 2612 Latet
2243 2539 2670 2616 lacertorum

691 2695 909 2749 more.

794 2801 853 2880 C
888 2801 963 2880 A·
988 2805 1065 2879 P.
1138 2799 1339 2881 Vm.
1412 2805 1658 2906 (vulgo
1721 2797 1888 2880 XII.
1953 2793 2306 2904 Scaligero
2357 2807 2562 2905 XV.)

714 2978 725 2985 ·
838 2939 1029 3014 Auen
1054 2967 1341 3041 quoque
1362 2963 1594 3041 partes
1618 2941 1954 3041 quasdam
1976 2940 2236 3014 similes
2261 2939 2526 3014 hahent
2547 2942 2664 3040 iis,

691 3097 865 3180 quas
900 3075 1228 3173 diximuS,
1282 3077 1783 3154 animantibus:
1817 3079 2084 3178 qnippe
2111 3099 2325 3178 caput
2342 3135 2364 3172 ,
2385 3080 2663 3155 collum

690 3236 931 3290 omnes
982 3231 1048 3287 et
1090 3212 1412 3304 dorsum,
1497 3234 1564 3286 et
1617 3239 1728 3286 eas
1775 3238 1956 3313 quae
2003 3235 2260 3290 terram
2307 3231 2660 3314 spectant,

690 3375 1009 3449 quaeque
1040 3347 1332 3448 pectoris
1363 3346 1590 3422 vicem
1620 3371 1890 3446 gerunt.
1939 3349 2390 3425 Potissimum
2420 3365 2658 3424 au'tem

687 3486 1011 3558 omnium
1040 3481 1446 3556 animalium
1474 3480 1764 3581 bipedes
1793 3503 1989 3579 sunt,
2029 3506 2104 3558 vt
2131 3483 2385 3578 hom03
2417 3507 2656 3580 quan·-

686 3643 901 3716 quam
914 3635 1292 3689 retrorsum
1319 3638 1619 3690 curuant
1633 3645 1837 3692 mura
1857 3615 2394 3718 quadrupedum
2411 3619 2651 3714 m0d0,

686 3775 831 3851 quo
870 3763 1080 3848 supra
1110 3747 1435 3824 diximus.
1539 3751 1642 3826 At
1665 3775 1912 3827 manus
1943 3751 2242 3852 pedesne
2275 3739 2650 3827 anta-iores

684 3882 947 3962 hahent
974 3883 1245 3980 nullos,
1298 3885 1420 3962 sed
1450 3885 1630 3981 alas,
1681 3888 2034 3987 peculiare
2061 3888 2196 3962 sibi
2221 3901 2496 3988 praeter
2525 3915 2664 3960 ce*

688 4037 865 4092 teras
926 4019 1321 4099 animantes.
1424 4021 1545 4097 Ad
1607 4023 1782 4106 haec
1829 4024 2058 4102 femur
2119 4025 2350 4099 simile
2397 4048 2605 4098 coxae
2621 4077 2643 4116 ‚
