2917 4959
564 457 719 531 ’168
832 487 855 535 J
1012 487 1019 496 ·
1172 449 1934 526 ARISTOTELIs

580 667 759 740 quae
790 662 945 714 ante
976 637 1219 712 oculos
1250 656 1522 711 nostros
1555 634 1873 734 quotidie
1904 655 2286 712 versantur.
2391 639 2470 712 Ν
2467 667 2551 713 e-

582 803 721 873 que
736 775 922 846 enim
936 791 1299 870 propterea
1326 771 1670 843 abstinent
1697 789 1896 844 motu
1923 771 2000 844 in
2025 771 2352 866 tenebris,
2380 774 2554 873 quia

582 908 817 982 hebeti
846 885 991 978 tam‘
1018 906 1171 980 visu
1204 905 1375 978 sint:
1402 904 1644 978 omnia
1673 889 1862 980 enim
1886 905 2143 1005 quibus
2159 907 2352 1006 oeuli
2383 906 2550 983 duri

584 1061 775 1134 sunt,
826 1041 1187 1114 obscurius
1216 1037 1496 1132 vident3
1545 1037 1670 1112 sed
1695 1037 1937 1113 eadem
1967 1038 2252 1116 admoto
2281 1042 2552 1118 lumine

588 1174 823 1250 nihilo
864 1174 1099 1248 minus
1142 1174 1494 1271 quieseere
1525 1171 1860 1247 videmus.
1961 1172 2356 1248 Plurimum
2379 1203 2552 1250 om·-

583 1285 785 1386 nium
830 1309 1291 1384 animantium
1326 1305 1548 1381 homo
1579 1305 1895 1380 somniat.
1995 1306 2388 1384 Infamibus
2420 1309 2556 1384 ad-

584 1446 730 1518 huc
746 1500 766 1539 ,
817 1465 970 1516 tum
1004 1442 1309 1542 primore
1334 1442 1635 1539 pueritia
1663 1439 1872 1513 etiam
1899 1436 2116 1514 modo
2147 1417 2560 1542 constitutis,

588 1577 933 1652 insomnia
964 1577 1160 1650 nulla
1204 1579 1386 1650 fiunt
1403 1629 1424 1668 ,
1469 1574 1591 1648 sed
1629 1572 2062 1674 paucissimis
2107 1595 2264 1649 ante
2293 1605 2559 1654 annum

588 1732 919 1810 quartum
950 1731 1069 1782 aut
1103 1710 1431 1809 quintum
1458 1707 1826 1807 incipiunt.
1907 1707 2220 1784 Fuerunt
2249 1712 2458 1784 etiam
2489 1733 2562 1788 et

589 1844 727 1952 viri
756 1865 828 1918 et
852 1845 1177 1921 mulieres
1192 1899 1214 1938 ,
1266 1844 1524 1942 quibus
1555 1841 1838 1916 nullum
1864 1869 2178 1940 vnquam
2205 1846 2559 1923 somnium

590 1979 946 2053 obiectum
982 1979 1214 2052 fuerit.
1316 1973 1866 2073 Horum-aliqui
1911 2003 2076 2050 cum
2115 1977 2298 2052 forte
2347 2001 2565 2057 aetate

590 2113 1031 2213 prouectiore
1062 2111 1516 2185 somniassent
1535 2164 1555 2202 ,
1605 2107 2004 2184 valetudine
2033 2133 2294 2185 mutata
2313 2167 2336 2206 ,
2391 2139 2563 2212 par-

594 2247 727 2322 tim
758 2269 982 2324 morte
1010 2244 1269 2346 partim
1298 2245 1550 2319 morbo
1581 2241 1806 2320 affecti
1841 2263 2024 2318 sunt.

1312 2479 1622 2553 cAP.
1725 2477 1857 2556 XI.

748 2645 863 2720 De
902 2645 1211 2718 sensibus
1229 2698 1251 2738 ,
1328 2645 1571 2743 vigilia
1619 2667 1688 2719 et
1729 2671 1977 2719 somno
2016 2645 2365 2720 haetenus.
2467 2648 2570 2724 At

599 2805 799 2852 sexus
826 2778 1252 2854 differentiae
1282 2779 1574 2852 masculi
1607 2800 1676 2853 et
1703 2779 2002 2854 feminae
2031 2781 2267 2854 insunt
2301 2781 2566 2882 aliqui-

600 2913 733 2984 bus
777 2913 1185 2988 animalium
1200 2967 1223 3006 ,
1274 2911 1696 3012 quibusdam
1747 2941 1892 2988 non
1943 2899 2214 3010 insunt,
2279 2915 2404 2992 sed
2443 2941 2570 3016 per

600 3043 1131 3122 similitudinem
1178 3047 1509 3122 dicuntur
1524 3100 1546 3140 ,
1608 3066 1686 3120 vt
1729 3073 1968 3147 parere
2017 3070 2085 3122 et
2130 3071 2574 3151 praegnantes

604 3205 763 3254 esse.
832 3181 1021 3254 Tum
1044 3183 1120 3256 in
1148 3183 1591 3274 animalibus,
1622 3207 1801 3281 quae
1829 3178 1975 3258 uon
2009 3201 2282 3262 mmant
2311 3191 2573 3283 locum,

600 3331 757 3386 tum
788 3312 862 3386 in
888 3313 973 3386 iis
988 3372 1008 3410 ‚
1042 3291 1237 3417 ‘quae
1267 3291 1434 3390 testa
1465 3337 1704 3415 operta
1733 3336 1894 3390 sunt
1911 3375 1931 3412 ,
1983 3321 2258 3394 nullum
2287 3341 2390 3394 est
2417 3347 2576 3408 ma-

607 3445 713 3521 ris
743 3449 1179 3548 feminaeque
1225 3448 1617 3524 discrimen.
1720 3451 1807 3526 In
1843 3435 2212 3528 'mollescis
2243 3469 2475 3524 autem
2503 3473 2574 3526 et

606 3581 811 3656 molli
838 3555 1008 3656 testa
1042 3583 1307 3658 intectis
1340 3607 1486 3659 tam
1513 3611 1660 3658 mas
1693 3613 1905 3684 quam
1936 3583 2190 3660 femina
2217 3603 2350 3658 est:
2401 3586 2574 3660 item

610 3718 683 3790 in
732 3715 853 3808 iis,
907 3743 1084 3816 quae
1124 3719 1359 3792 solius·
1378 3721 1584 3795 humi
1625 3719 1960 3794 beneficio
1993 3739 2268 3796 mutant
2293 3721 2530 3796 lomim
2549 3773 2570 3812 ,

612 3871 763 3924 tum
804 3849 1198 3950 bipedibus,
1250 3873 1403 3928 tum
1432 3849 2024 3952 quadrupedibus,
2075 3851 2382 3957 denique
2413 3881 2575 3930 om·-

584 3983 821 4060 -nibus
863 3988 985 4085 iis,
1040 3983 1217 4090 quse
1268 4015 1351 4062 ex
1386 3988 1711 4087 coniugio
1754 4007 1872 4064 aut
1901 3991 2160 4068 animal
2202 4013 2326 4069 aut
2355 4017 2578 4066 ouum

902 4245 927 4286 4
