2917 4959
556 487 741 594 452'
1168 515 1912 585 ARISTOTELIS

561 705 793 778 statim
820 723 979 803 post
1032 721 1468 774 autumnum.
1593 695 1708 769 Ne
1755 695 1837 767 hi
1884 695 2174 795 quidem
2217 693 2556 794 differunt

564 840 703 914 nisi
730 840 961 912 colore
988 856 1059 908 et
1086 859 1273 911 voce.
1374 825 1693 903 Eandem
1745 855 1914 904 vero
1965 857 2108 903 esse
2137 855 2342 902 auem
2373 855 2556 904 oon-

565 993 727 1066 etat3
778 998 943 1044 cum
970 943 1349 1065 vti-umque
1377 991 1593 1064 genus
1630 963 1772 1036 hoc
1803 961 2210 1038 mutationis
2241 983 2558 1060 tempore

566 1088 1050 1181 obser-uarum.
1154 1101 1345 1173 Cum
1378 1098 1569 1172 enim
1597 1096 1919 1171 nondum
1951 1098 2406 1171 mutationem
2437 1096 2564 1168 in-

567 1260 835 1335 tegram
868 1234 1282 1310 obsoluisset
1297 1288 1318 1327 ‚
1368 1257 1602 1331 neque
1637 1230 1919 1306 alterius
1949 1230 2250 1328 speciem
2283 1257 2558 1304 assum-

568 1373 785 1465 sisset,
836 1369 1122 1467 Vtrique
1151 1368 1430 1441 suberat
1461 1363 1734 1464 aliquid
1749 1363 2042 1463 proprii.
2143 1363 2356 1437 Nihil
2387 1391 2556 1438 vero

570 1505 869 1594 mirum,
950 1503 1026 1574 in
1076 1499 1191 1572 his
1244 1499 1305 1573 si
1363 1525 1567 1576 voces
1625 1518 1692 1572 et
1757 1498 2029 1572 colores
2075 1498 2556 1572 immutantur.

572 1639 767 1714 Nam
795 1633 1000 1708 etiam
1040 1633 1408 1732 palumbes
1436 1632 1670 1707 hieme
1711 1659 1954 1708 vocem
2001 1629 2223 1705 edunt
2265 1634 2555 1724 nullam,

574 1769 733 1844 nihi
780 1769 840 1840 s‘i
892 1767 1174 1868 quando
1229 1793 1509 1840 saeuam
1563 1766 1869 1840 hiemem
1928 1787 2128 1865 tepor
2195 1766 2552 1864 exceperit.

572 1903 787 1978 Tunc
818 1901 1109 2001 quidem
1151 1928 1395 1978 vocem
1441 1901 1705 1993 emisit,
1783 1927 1928 1974 non
1971 1901 2121 1974 sine
2167 1897 2558 2000 peritorum

574 2035 940 2116 miraculo.
1038 2037 1119 2110 Si
1163 2037 1373 2110 simul
1405 2061 1571 2107 cum
1602 2059 1766 2108 vere
1799 2033 2046 2134 incipit
2084 2059 2324 2111 vocem
2369 2032 2560 2106 dare.

578 2169 668 2244 In
700 2196 972 2242 summa
1003 2197 1165 2243 aues
1208 2191 1275 2244 et
1299 2169 1604 2243 maxime
1633 2189 1705 2241 et
1729 2169 2114 2266 plurimum
2140 2169 2558 2243 voculanmr

582 2325 895 2402 tempore
926 2301 1169 2376 coituS.
1274 2302 1552 2402 [Vulgo
1587 2301 1800 2375 sectio
1839 2302 1941 2401 2.]
2043 2302 2274 2376 Mutat
2313 2323 2382 2374 et
2428 2327 2565 2374 cu·-

583 2435 787 2510 eulus
816 2436 1141 2508 colorem.
1246 2436 1520 2511 Vocem
1549 2437 1783 2510 minus
1833 2437 2194 2536 explanat,
2251 2463 2413 2508 cum
2443 2434 2566 2505 fu-

584 2591 829 2647 turum
862 2589 997 2662 est,
1049 2589 1125 2643 vt
1160 2571 1464 2669 amplius
1497 2598 1642 2645 non
1691 2588 2110 2670 compareat.
2215 2569 2392 2645 Abit
2433 2597 2566 2641 au-

586 2723 733 2776 tem
767 2704 901 2776 sul)
946 2731 1135 2806 eane.
1250 2703 1576 2778 Ostendit
1619 2729 1764 2777 sese
1813 2729 1852 2774 a
1893 2729 2053 2778 vere
2097 2693 2238 2776 inci
2243 2707 2444 2804 piens
2478 2703 2564 2777 a'd

587 2835 779 2907 canis
812 2855 1130 2908 exortum
1151 2863 1385 2936 vsque.
1490 2837 1717 2911 Abdit
1744 2864 1890 2911 sese
1906 2865 1982 2912 ea
1997 2865 2304 2938 quoque,
2355 2865 2566 2938 quam

590 2967 1007 3044 oenanthem
1040 2970 1413 3068 (vitiferam
1452 2972 1704 3068 Gaza)
1741 2993 1991 3045 vocant
2007 3027 2027 3066 ‚
2080 2993 2327 3045 exortu
2375 2971 2570 3045 side-

591 3102 689 3178 ris
721 3101 1063 3180 eiusdem:
1115 3104 1474 3179 occidente
1522 3102 1824 3177 ostendit
1863 3131 1951 3179 se.
2087 3107 2288 3182 Vitat
2337 3129 2566 3179 autem

592 3234 955 3336 interdum·
977 3238 1234 3338 frigus,
1284 3238 1641 3313 interdum
1689 3262 1976 3314 aestum.
2081 3240 2312 3314 Mutat
2361 3240 2568 3314 etiam

594 3395 831 3468 vpupa
860 3372 1167 3445 colorem
1194 3395 1263 3448 et
1288 3374 1562 3468 faciem,
1613 3375 1793 3450 sicut
1809 3377 1883 3450 in
1904 3395 2216 3477 poemate
2228 3373 2572 3472 Aeschyli

594 3525 735 3577 est:
816 3505 1085 3598 Epopa
1132 3508 1371 3604 hunc,
1436 3521 1944 3604 spectatorem
1979 3479 2276 3578 suoram
2325 3507 2577 3597 &psius

594 3643 1008 3733 malorum,
1060 3645 1367 3714 varium
1386 3644 1631 3738 fecit,
1687 3658 1914 3740 atque
1944 3665 2164 3710 auem
2191 3642 2574 3710 audacem

580 3777 1043 3868 petrin-olam
1078 3778 1315 3846 armis
1345 3779 1775 3874 insignittit.
1851 3775 1930 3846 Is
1955 3801 2136 3846 vere
2166 3797 2360 3846 nouo
2377 3799 2574 3870 pen-

596 3933 745 3980 nae
768 3911 1021 4002 quatit
1050 3910 1269 3982 circi.-
1318 3915 1538 4012 (nam
1561 3915 1756 3983 duae
1785 3911 1884 3982 ab
1915 3935 2064 3983 vno
2081 3911 2576 4002 ortusormaa

596 4045 943 4144 nouellue
956 4056 1033 4115 et
1054 4045 1365 4119 adultus
1380 4051 1645 4122 induet
1655 4045 1714 4147 3)
1765 4071 1936 4121 cum
1947 4071 2126 4119 vero
2155 4069 2370 4141 seges
2389 4049 2566 4116 ado-
