2917 4959
656 472 801 542 DE
850 469 1833 546 ANIMAL.H18'1·.1X.
1915 497 2036 568 27.
2132 479 2304 578 ‘427

318 687 431 737 ars
462 655 909 756 conspicitur.
1007 657 1089 731 Si
1134 679 1397 756 purum
1437 656 1836 730 aluearium
1871 657 2041 756 ipsis
2090 658 2300 736 exhi-
2362 677 2402 738 5

314 793 598 892 beatur,
650 791 908 893 quibus
936 791 1133 866 fauos
1160 789 1558 885 aedificent,
1609 794 1907 866 afferunt
1933 795 2298 895 lacrymam,

194 1016 203 1032 ¹
314 948 471 1002 tum
524 928 611 1001 ab
654 926 811 1002 aliis
850 928 1185 1023 floribus,
1268 947 1425 1000 tum
1475 927 1562 1000 ab
1607 927 2014 1023 arboribus,
2093 930 2302 1004 salice

310 1083 523 1163 atque
562 1065 755 1140 vlmo
784 1061 1171 1161 ceterisque
1203 1033 1590 1160 glutinosis.
1712 1064 1876 1136 Hoc
1916 1061 2126 1137 etiam
2173 1089 2298 1138 so-

306 1197 465 1272 lum
496 1197 827 1282 oblinunt
852 1199 1149 1271 aliarum
1173 1194 1395 1293 gratia
1421 1195 1889 1269 bestiolarum.
1989 1197 2150 1276 Hoc
2181 1225 2308 1275 vo-

304 1352 469 1405 cant
542 1330 797 1431 ‘apiarii
870 1331 1281 1406 commosin.
1362 1327 2010 1428 (gummationem.)
2123 1329 2309 1406 Oras
2353 1318 2358 1324 ¹

308 1491 603 1564 quoque
628 1465 948 1540 adituum
976 1466 1234 1566 stipant
1262 1485 1474 1563 atque
1504 1485 1866 1562 angustant
1892 1463 2123 1539 addita
2155 1492 2306 1540 ma·-

307 1599 481 1674 teria
497 1655 517 1694 ‚
568 1600 631 1674 si
658 1601 935 1678 latiores
984 1601 1141 1676 sint.
1262 1583 1576 1700 Fingunt
1626 1620 1858 1705 autem¹
1902 1599 2104 1674 fauos
2150 1602 2302 1702 pri·-

306 1761 543 1821 mum,
590 1733 667 1808 in
696 1736 959 1835 quibus
990 1736 1179 1835 ipsae
1209 1717 1385 1812 oriri
1416 1761 1840 1810 consueuere
1856 1789 1878 1828 ,
1930 1735 2186 1812 deinde
2217 1740 2296 1814 in

306 1870 568 1968 quibus
600 1868 656 1943 ii
683 1870 813 1970 qui
831 1893 1173 1950 vocantur
1203 1897 1419 1970 reges,
1472 1891 1542 1945 et
1563 1869 1887 1944 filcarios.
1985 1871 2098 1946 Ac
2129 1898 2294 1946 suos

304 2001 597 2102 quidem
627 2031 905 2106 semper
935 2005 1333 2084 aedificant:
1387 2005 1614 2104 regios
1653 2027 1908 2100 autem,
1957 2033 2123 2078 eum
2153 2006 2296 2081 lar·

300 2136 459 2236 gior
484 2141 757 2216 foetura
778 2142 1019 2217 futura
1044 2162 1165 2218 est.
1266 2139 1602 2215 Fucarios
1628 2167 1798 2218 vero
1812 2195 1837 2234 ‚
1904 2166 2072 2212 cum
2115 2139 2298 2214 mel-

297 2269 393 2346 lis
457 2273 885 2348 abundantia
946 2275 1392 2377 signifieamr.
1495 2273 1805 2373 Fingunt
1855 2273 2110 2372 regales
2167 2273 2280 2350 fa-
2343 2297 2390 2361 4

298 2435 429 2484 vos
456 2408 649 2487 iuxta
676 2437 877 2486 suos:
943 2411 1026 2486 bi
1069 2436 1238 2490 vero
1285 2429 1449 2484 sunt
1485 2407 1723 2508 parui:
1802 2436 2025 2509 prope
2065 2411 2292 2510 regios

296 2541 607 2620 ficarios
623 2599 645 2642 ,
678 2547 1077 2645 (fucarios
1098 2569 1431 2619 seorsum
1446 2542 1532 2644 Ρ.)
1575 2545 1886 2620 minores
1907 2572 2123 2644 quam
2150 2545 2294 2620 sint

294 2651 569 2779 apiarii.
674 2681 1070 2757 ordiuntur
1100 2683 1191 2758 ab
1222 2683 1411 2758 aluei
1440 2698 1621 2753 tecto
1663 2675 1835 2752 telas
1873 2703 2062 2771 suae,
2115 2705 2292 2777 quas

298 2813 389 2890 ad
408 2817 549 2892 ima
574 2843 795 2918 vsque
820 2839 1199 2894 contexunt
1214 2870 1237 2910 ‚
1268 2837 1338 2890 et
1364 2815 1620 2888 multas
1649 2813 2056 2912 pauimento
2083 2833 2288 2890 tenus

296 2947 671 3041 deducunt.
774 2953 1095 3032 Cellulae
1121 2975 1267 3027 tam
1300 2949 1530 3025 mellis
1559 2977 1778 3050 quam
1821 2949 2144 3022 foetuum
2168 2975 2300 3046 ge·-

296 3086 497 3160 mino
526 3107 841 3160 constant
884 3091 1083 3166 ostio.
1185 3090 1429 3166 Vnam
1472 3085 1664 3162 enim
1704 3084 1904 3157 basin
1951 3083 2286 3181 vtriuque

295 3220 749 3296 circumstant
792 3222 1103 3323 singulae
1122 3279 1145 3319 ,
1230 3225 1410 3300 sicut
1455 3225 1532 3298 in
1585 3221 1878 3324 geminis
1923 3219 2280 3312 calicibus,

210 3426 213 3437 .
242 3361 253 3376 ’
293 3357 509 3432 altera
540 3357 729 3432 intus
742 3413 765 3452 ‚
817 3359 1031 3435 altera
1057 3361 1250 3438 foris.
1377 3360 1558 3435 Faui
1567 3415 1592 3455 ,
1673 3356 1803 3459 qui
1839 3381 1964 3454 per
1994 3351 2284 3430 exordia

293 3513 759 3570 contexuntur
786 3493 875 3570 ad
904 3495 1230 3592 aluearia,
1250 3522 1500 3574 eorum
1527 3491 1806 3570 ordines
1823 3488 1969 3565 duo
1995 3508 2116 3562 aut
2142 3508 2282 3560 tres

294 3627 375 3699 in
404 3629 649 3702 orbem
678 3631 927 3709 breues
954 3657 1117 3712 sunt
1148 3651 1223 3708 et
1248 3631 1459 3708 melle
1487 3629 1706 3710 vacui.
1805 3623 1988 3726 Faui
2031 3620 2086 3694 ii
2117 3609 2284 3694 sunt

292 3762 681 3859 pleniores„
728 3768 855 3867 qui
886 3771 1196 3866 plurima
1226 3797 1381 3844 cera
1408 3763 1792 3844 constructi
1821 3777 2006 3832 sunt.
2056 3755 2278 3832 Alue-
2337 3773 2376 3834 5

296 3896 431 3970 arii
462 3899 719 3996 ostium
748 3902 837 3978 ad
864 3905 1175 4004 primum
1202 3905 1473 3982 aditum
1507 3900 1848 3981 oblinitur
1885 3892 2086 3997 mity.
2187 3889 2280 3966 Id

292 4033 579 4133 nigrum
626 4059 726 4113 est
744 4091 767 4134 ‚
848 4042 1050 4142 quasi
1093 4061 1702 4146 repurgamentum
1749 4055 1978 4111 oerae:
2061 4027 2280 4105 odore
