2917 4959
656 413 759 482 46
1258 411 2011 484 ARISTOTELIS

650 619 805 670 suas
851 591 1151 668 habent:
1202 595 1467 694 quippe
1503 592 1788 695 bipedes
1825 625 1988 672 cum
2013 601 2186 697 sint,
2241 631 2448 682 crura
2480 567 2632 710 ips·

642 751 835 805 retro
870 731 1201 846 eflectum:
1286 731 1363 802 in
1425 729 1879 806 brachiorum
1937 759 2104 809 vero
2163 741 2632 845 priorumque

549 901 588 962 7
650 891 941 940 crurum
968 867 1126 940 1000
1158 863 1299 938 alas
1320 890 1651 960 prorsum
1677 888 1990 940 curuant.
2043 868 2364 950 Marinus
2395 902 2632 956 autem

645 1000 909 1076 vitulus
952 1020 1288 1098 tanquam
1340 999 1632 1072 mutilus
1688 998 2086 1100 quadrupes
2127 1027 2243 1080 est.
2345 1011 2628 1088 Etenim

642 1136 775 1226 sub
804 1131 1015 1208 armis
1048 1135 1281 1208 statim
1309 1129 1522 1231 pedes
1549 1131 1761 1206 habet
1778 1137 2108 1216 manibus
2134 1141 2413 1236 simiies,
2464 1147 2628 1222 vel-

642 1291 723 1346 ·vt
749 1269 1053 1344 vrsinos:
1085 1291 1337 1366 nempe
1358 1267 1599 1366 quinis
1625 1265 1907 1342 discreti
1937 1295 2102 1346 sunt
2130 1271 2403 1376 digitis3
2431 1309 2622 1381 quo—

639 1433 801 1479 rum
830 1402 1089 1501 singuli
1114 1423 1339 1477 ternas
1370 1400 1630 1476 habent
1657 1404 1986 1478 flexiones
2003 1459 2025 1496 ‚
2078 1429 2289 1507 atque
2318 1441 2620 1514 vnguem

634 1569 783 1617 non
826 1535 1221 1636 [omittunt
1250 1539 1740 1630 negationem
1773 1539 2014 1608 Editt.
2053 1544 2426 1644 aliquae]
2473 1578 2626 1624 ma-

632 1702 855 1776 gnum
908 1697 1147 1748 vnum.
1252 1670 1678 1746 Posteriores
1725 1699 2009 1772 quoque
2055 1675 2268 1772 pedes
2315 1707 2614 1758 numero

532 1855 539 1864 ·
628 1807 921 1912 quidem
960 1828 1029 1881 et
1061 1795 1434 1880 cut-natura
1477 1803 1897 1905 digitorum,
1949 1809 2118 1884 item
2151 1811 2317 1911 ipsis
2349 1817 2616 1914 Vngui-

625 1945 757 2019 bus
786 1941 1047 2018 similes
1075 1940 1286 2014 habet
1314 1939 1674 2038 prioribus
1691 1996 1711 2034 ‚
1763 1963 2070 2016 ceterum
2103 1947 2329 2044 figura
2359 1947 2449 2022 ad
2487 1952 2610 2048 pi..

528 2104 569 2166 8
623 2078 849 2154 scium
878 2073 1127 2151 caudas
1149 2074 1441 2173 propius
1475 2074 1829 2150 accedunt·
1897 2074 2390 2154 Animantium
2405 2136 2427 2174 ,
2453 2083 2608 2158 siue

621 2235 925 2316 quatuor
950 2209 1099 2284 siue
1130 2210 1365 2308 plures
1392 2208 1698 2286 habeant
1723 2209 1970 2309 pedes»,
2021 2235 2254 2288 motus
2285 2241 2366 2288 ac
2391 2237 2608 2292 status

616 2375 744 2446 per
806 2345 1227 2419 diametrum
1274 2365 1394 2420 est.
1504 2344 1860 2419 Omnibus
1928 2368 2160 2422 autem
2209 2348 2496 2428 initium
2565 2381 2606 2425 a

616 2476 859 2555 dextra
893 2499 1091 2576 parte
1127 2497 1250 2550 est.
1332 2477 1526 2555 Tum
1565 2479 1676 2552 leo
1717 2499 1872 2552 tum
1913 2482 2344 2557 camelorum
2385 2513 2602 2583 genus

608 2635 987 2712 Vtrumque
1000 2665 1023 2705 ,
1090 2611 1538 2688 Bactrianum
1587 2611 1849 2686 scilieet
1919 2633 2126 2711 atque
2173 2616 2557 2692 Arabicum
2571 2673 2602 2710 ‚.

608 2747 920 2849 pedatim
946 2747 1337 2822 ambulant:
1387 2746 1530 2824 hoc
1561 2767 1700 2840 est,
1751 2743 1946 2845 quod
1965 2747 2241 2822 sinister
2266 2775 2388 2847 pes
2414 2749 2598 2825 dex-

606 2904 800 2959 trum
826 2908 973 2960 non
998 2879 1337 2958 antecedit
1352 2935 1375 2977 ‚
1426 2879 1551 2958 sed
1581 2881 2041 2980 subsequitur.

901 3117 964 3192 c
1009 3081 1081 3192 Α
1128 3115 1205 3190 Ρ.
1306 3115 1401 3191 11.
1507 3115 1746 3216 (vulgo
1845 3113 2083 3197 adhuc
2177 3117 2268 3216 1.)

620 3338 625 3349 -
752 3284 955 3374 Quae
997 3282 1277 3360 homini
1318 3304 1488 3358 sunt
1531 3283 1612 3358 in
1659 3303 1856 3383 parte
1900 3286 2248 3361 anteriore
2263 3341 2284 3380 ,
2338 3313 2416 3360 ea
2461 3287 2588 3360 in-

598 3417 795 3494 ferne
822 3417 1083 3493 hahent
1104 3415 1630 3520 quadrupedes:
1663 3443 1844 3518 quae
1865 3419 2144 3496 homini
2173 3421 2578 3518 posteriora,

584 3581 679 3630 ea
724 3555 865 3628 illis
908 3581 1207 3660 superne
1252 3575 1433 3632 sunt.
1538 3553 1852 3630 Pluxima
1895 3573 2243 3654 praeterea
2283 3552 2576 3630 caudam

594 3687 888 3767 hahent:
959 3681 1123 3768 nam
1187 3691 1413 3767 vitulo
1465 3715 1752 3792 quoque
1799 3686 2072 3800 marino
2137 3685 2392 3784 pusilla
2437 3708 2574 3780 est,

594 3827 916 3902 eenfinae
944 3824 1207 3900 similis.
1260 3825 1374 3898 De
1400 3824 1768 3896 simiarum
1793 3846 1962 3898 vero
1987 3821 2348 3918 generibus
2367 3843 2572 3920 post-

594 3981 675 4030 en
698 3955 1211 4064 diseeptpbitur..
1250 3955 1457 4056 [Cap.
1477 3955 1570 4034 V.
1595 3953 2004 4054 scaligero]
2037 3953 2572 4054 Quadrupedes,
