2917 4959
606 461 669 528 4.
1130 481 1135 489 ·
1210 451 1958 524 ARISTOTELIS

516 660 555 701 2
614 639 876 713 Omnes
906 655 1133 710 autem
1164 635 1528 714 dissimiles
1564 639 1741 713 inter
1763 666 1833 712 se
1859 659 2081 738 partes
2108 661 2195 711 ex
2223 636 2571 711 similibus

568 787 577 795 ’
610 776 789 846 inter
820 798 891 842 se
923 772 1275 868 particulis
1314 793 1672 847 concretae
1720 795 1914 866 sunt,
1983 771 2572 872 quemadmodum

612 931 853 980 manus
884 931 923 976 e
948 933 1184 998 came,
1236 907 1502 998 neruiS,
1555 908 1836 980 ossibus.
1919 907 2197 980 Habent
2223 933 2389 982 vero
2413 907 2571 978 ani-

610 1041 816 1114 malia
860 1037 1204 1137 quaedam
1252 1063 1474 1138 partes
1519 1061 1635 1113 aut
1677 1038 1948 1140 easdem
1992 1041 2174 1114 inter
2215 1065 2287 1114 se
2333 1068 2572 1115 omnes

610 1196 729 1246 aut
760 1172 1079 1246 diuersas,
1164 1174 1393 1248 Partes
1420 1195 1648 1248 autem
1677 1173 1950 1250 easdem
1971 1177 2082 1251 vel
2109 1179 2335 1274 specie
2361 1175 2574 1248 intel-

610 1311 737 1406 ligi
775 1311 969 1400 volo‚
1023 1328 1096 1380 vt
1130 1285 1437 1381 heminis
1476 1336 1678 1382 nasus
1717 1331 1836 1387 aut
1871 1313 2112 1384 oculus
2149 1310 2390 1409 specie
2410 1333 2572 1380 cum

613 1471 779 1518 naso
828 1465 947 1514 aut
990 1441 1196 1515 oculo
1239 1439 1548 1514 hominis
1593 1440 1950 1538 (alterius)
1999 1419 2380 1516 conuenit:⁴
2409 1443 2576 1515 item

546 1669 551 1681 Δ
616 1604 775 1648 caro
822 1603 985 1646 cum
1026 1600 1259 1666 carue,
1312 1596 1378 1646 et
1419 1601 1496 1648 os
1541 1591 1702 1646 cum
1749 1600 1913 1648 osse.
2009 1572 2221 1662 Quod
2257 1572 2449 1646 idem
2487 1574 2576 1647 de

616 1722 799 1810 equo
826 1731 894 1780 et
917 1707 1153 1780 ceteris
1186 1707 1628 1800 animalibuS‚
1679 1733 1856 1806 quae
1879 1709 2110 1806 specie
2137 1710 2318 1780 inter
2349 1735 2418 1780 se
2453 1735 2576 1780 ea-

616 1845 777 1918 dem
815 1869 959 1916 esse
990 1840 1299 1914 dicimus.
1386 1841 1486 1916 Vt
1519 1843 1704 1915 enim
1734 1863 1958 1916 totum
1995 1870 2064 1916 se
2096 1841 2304 1916 habet
2333 1839 2423 1912 ad
2456 1863 2573 1915 to-

613 1999 765 2050 tum
782 2033 803 2068 ‚
870 1978 963 2049 ita
1002 1997 1227 2075 partes
1270 1977 1578 2074 singulae
1624 1949 1766 2052 sese
1809 1977 1898 2050 ad
1939 1979 2242 2075 singulas
2289 2001 2574 2074 quoque

610 2099 885 2208 habeut.
984 2111 1123 2184 Vel
1152 2133 1312 2183 sunt
1342 2110 1620 2186 eaedem
1659 2109 1945 2212 quidem
1975 2132 2196 2208 partes
2215 2165 2237 2201 ,
2288 2108 2409 2180 sed
2443 2135 2571 2182 ex-

610 2273 801 2318 cessu
826 2245 1236 2343 defectuque
1268 2245 1446 2316 inter
1477 2271 1546 2318 se
1571 2243 1899 2318 differunt
1914 2301 1934 2336 ,
1974 2271 2280 2342 quorum
2311 2243 2573 2314 scilicet

607 2403 819 2472 genus
844 2404 1060 2448 vuum
1083 2377 1407 2473 idemque
1432 2400 1548 2449 est.
1602 2378 1924 2473 Intelligo
1953 2403 2166 2474 genus
2181 2433 2202 2468 ,
2235 2401 2309 2456 vt
2329 2383 2571 2454 auium

609 2528 675 2579 et
707 2507 1019 2604 piscium.
1120 2507 1399 2578 Horum
1430 2507 1618 2579 enim
1649 2527 2018 2605 Vtrumque
2049 2508 2278 2582 differt
2303 2533 2455 2584 tum
2495 2515 2574 2589 in

408 2705 415 2718 .
445 2627 455 2644 ⁸
496 2656 503 2715 ἶ
606 2627 791 2743 (suc)
834 2667 1109 2736 genere5
1140 2661 1292 2712 tum
1324 2641 1380 2711 si
1418 2638 1507 2713 ad
1541 2639 1910 2738 (aher-um)
1951 2667 2168 2738 genus
2197 2647 2566 2720 πῖθι-θωνα

508 2793 548 2851 3
614 2793 681 2844 et
714 2775 1103 2870 complures
1134 2793 1298 2844 sunt
1323 2775 1563 2846 auium
1595 2801 1675 2864 ae
1699 2775 1997 2872 piscium
2031 2777 2303 2873 species.
2384 2779 2570 2852 ’Ple-

602 2933 857 3004 raeque
890 2927 1118 2978 autem
1162 2927 1383 3004 partes
1416 2907 1594 2979 inter
1623 2935 1693 2980 se
1721 2907 2048 2981 diffisnmt
2069 2913 2432 2984 contrariis
2455 2911 2571 2983 af·-

602 3040 1019 3111 fectionibus
1038 3095 1057 3132 ‚
1106 3061 1275 3137 puta
1314 3041 1546 3114 colore
1587 3062 1653 3114 et
1691 3043 1948 3139 figura3
1999 3043 2172 3116 aliae
2215 3039 2564 3141 siquidem

601 3173 847 3268 magi8‚
924 3173 1095 3244 aliae
1150 3173 1381 3245 miuus
1432 3175 1706 3246 affectae
1753 3196 1916 3246 sunt
1953 3175 2109 3247 illis.
2211 3175 2563 3249 Praeterea·

598 3304 1049 3380 multitudine
1062 3365 1083 3400 ‚
1146 3309 1520 3406 paucitate,
1599 3305 2107 3404 magnitudine,
2171 3305 2565 3408 exiguitate,'

590 3441 889 3547 omnipo
933 3461 1159 3513 autem
1204 3467 1482 3514 excessu
1527 3469 1606 3514 ac
1652 3439 1938 3515 defectu.
2049 3443 2209 3514 Alia
2259 3467 2560 3540 namque

595 3583 819 3644 crusta
848 3575 1097 3646 intecta
1127 3596 1317 3666 sunt,
1364 3576 1500 3647 alia
1528 3595 1714 3648 testa.
1787 3571 2222 3662 Quibusdam
2253 3596 2558 3654 rostrum·

592 3703 882 3802 longum
908 3727 1039 3799 est,
1086 3707 1190 3802 [vt
1216 3709 1506 3805 gruibus
1523 3707 1570 3806 ε]
1603 3705 2021 3808 quibusdam
2049 3709 2284 3782 breue.
2337 3707 2411 3781 N
2415 3735 2552 3782 on·-

592 3839 782 3910 nulla
806 3841 1043 3912 multis
1061 3897 1080 3932 ‚
1134 3843 1363 3940 aliqua
1388 3846 1624 3940 paucis
1656 3844 1900 3942 pennis
1921 3839 2241 3939 praedita.
2351 3841 2550 3929 Quin

590 3967 793 4040 etiam
820 3974 892 4046 iu
921 3974 1031 4047 his
1062 4001 1343 4075 quoque
1374 3976 1544 4049 aliae
1567 3977 1721 4050 aliis
1747 3998 1970 4076 partes
2000 3978 2270 4051 insunt:
2323 3999 2546 4074 quae-
