2917 4959
591 492 733 560 DE
780 489 1265 563 ANIMAL.
1316 491 1594 560 ms'r.
1659 493 1784 566 lx.
1839 497 1958 566 54.
1993 495 2109 572 35.
2213 504 2360 597 449

383 700 525 774 que
554 671 863 746 detracto
901 669 989 746 de
1018 671 1193 744 facie
1214 669 1655 772 operimento
1669 727 1692 769 ,
1731 666 1950 752 matre
1980 681 2210 779 agnita
2239 713 2359 760 au..

380 808 671 905 fugisse,
726 827 933 908 atque
956 829 996 880 e
1020 805 1315 905 rupibus
1348 829 1496 880 sese
1525 809 1976 909 praecipitem
2002 809 2290 894 dedisse.

476 1043 536 1117 C
558 1043 621 1116 A
656 1043 737 1118 P.
806 1043 1135 1118 XXXV.
1189 1037 1451 1136 (vulgo
1501 1040 1848 1118 XLVIII.
1899 987 2254 1151 Scaligero

1005 1173 1065 1246 C
1098 1170 1171 1246 A
1201 1171 1277 1246 P.
1349 1171 1730 1272 LXXIV.)

523 1343 611 1416 In
656 1365 905 1441 genere
948 1339 1228 1415 marino
1269 1341 1494 1414 multa
1533 1341 1860 1416 feruntur
1897 1353 2212 1447 exempla
2261 1351 2362 1430 de·

372 1475 911 1550 mansuetudine
970 1495 1039 1550 et
1099 1476 1387 1549 mitibus
1440 1475 1945 1575 delphinorum
2008 1481 2346 1558 moribus.

366 1607 681 1683 Narrant
716 1609 907 1684 enim
934 1637 1203 1684 amores
1234 1635 1482 1685 eorum
1509 1635 1673 1708 erga
1704 1638 1962 1710 pueros
1989 1632 2200 1713 atque
2227 1615 2348 1691 de·

367 1742 619 1817 sideria
634 1799 656 1838 ,
700 1744 886 1818 circa
908 1746 1293 1819 Tarentum
1323 1765 1391 1817 et
1420 1743 1700 1818 Cariam
1734 1767 1801 1819 et
1829 1747 1966 1820 alia
1994 1748 2169 1823 loca.
2222 1749 2346 1824 Ad

367 1898 623 1954 terram
656 1878 937 1952 Cariam
974 1877 1313 1977 delphino
1354 1898 1558 1978 capto
1601 1899 1810 1980 atque
1853 1879 2090 1954 saucio
2108 1934 2129 1975 ,
2179 1909 2343 1980 grex

367 2009 628 2084 dicitur
664 2014 1071 2088 conuenisse
1101 2011 1608 2113 delphinorum
1637 2011 1714 2085 in
1737 2019 2032 2109 ‘portum
2045 2068 2067 2107 ,
2119 2013 2346 2091 donec
2478 2028 2485 2035 ’

364 2171 530 2219 eum
580 2145 881 2244 piscator
922 2145 1281 2220 dimiserit.
1394 2143 1604 2218 Tunc
1649 2171 1818 2220 vero
1871 2167 2056 2220 retro
2101 2175 2344 2224 omnes

364 2278 625 2350 reuersi
662 2301 842 2352 sunt.
942 2279 1263 2377 Delphin
1310 2279 1473 2352 illos
1517 2303 1804 2378 quoque
1843 2306 2120 2380 semper
2143 2282 2346 2382 quis-

360 2412 554 2511 piam
620 2439 659 2486 e
721 2412 1209 2512 grandior-ihus
1275 2411 1630 2486 custodiae
1677 2412 1894 2511 gratia
1941 2415 2335 2492 comitatur.

364 2545 797 2645 Conspectus
836 2569 938 2621 est
978 2546 1153 2622 olim
1195 2547 1702 2647 delphinorum
1749 2568 1816 2620 et
1849 2547 2200 2621 maiorum
2235 2553 2340 2622 si-

362 2680 518 2751 mul
562 2701 631 2756 et
663 2681 1025 2757 minorum
1070 2704 1270 2780 grex:
1320 2699 1481 2776 post
1521 2677 1655 2752 hos
1696 2677 2016 2776 delphini
2049 2681 2338 2778 quidam

359 2812 504 2888 duo
538 2841 683 2889 non
718 2841 971 2913 magno
1008 2812 1385 2888 interuallo
1420 2837 1800 2910 apparuere
1831 2809 2338 2912 delphinillum

359 2945 770 3022 defunctum
786 2949 1139 3022 labentem
1160 2947 1233 3022 in
1260 2943 1696 3048 profundum
1713 2937 2084 3022 subeuntes
2102 2949 2338 3025 nando

358 3101 567 3180 atque
602 3085 1043 3157 subleuantes
1079 3080 1287 3156 dorso
1305 3135 1327 3174 ,
1378 3080 1578 3179 quasi
1611 3079 1805 3156 ducti
1837 3081 2336 3180 misericordia,

356 3243 449 3290 ne
490 3243 631 3317 qua
668 3243 709 3288 a
755 3215 993 3290 bellua
1036 3213 1508 3289 deuoraretur.
1609 3214 1723 3288 De
1771 3241 2014 3290 comm
2064 3243 2350 3316 quoque
2395 3249 2436 3294 2

356 3349 701 3424 celeritate
731 3376 943 3450 supra
975 3347 1189 3422 fidem
1220 3369 1321 3424 est
1351 3346 1550 3446 quod
1581 3369 1886 3424 narrant.
1990 3350 2339 3447 Omnium

356 3486 545 3560 enim
594 3482 1009 3560 animalium
1048 3503 1203 3556 tum
1244 3481 1666 3584 ¹aquatilium
1710 3497 1866 3556 tum
1907 3484 2338 3558 terrestrium

357 3619 920 3718 pernicissimum
974 3643 1117 3692 esse
1178 3617 1623 3693 existimatur.
1726 3617 2086 3728 Maior-um
2129 3615 2336 3689 etiam

360 3751 811 3851 nauigiorum
840 3751 1236 3828 transiliunt
1256 3750 1431 3830 vela.
1514 3748 1602 3824 Id
1632 3723 2070 3850 potissimum
2089 3750 2338 3828 ‚euenit

360 3885 388 3957 i
390 3882 555 3986 psis,
590 3914 752 3962 cum
769 3885 907 3958 cibi
936 3888 1153 3984 gratia
1173 3890 1433 3988 piscem
1458 3885 1862 3986 quempiam
1891 3885 2332 3958 insectantur.

360 4018 772 4122 Fugientem
802 4021 1003 4096 'enim
1044 4047 1207 4098 eum
1232 4041 1480 4120 vrgent
1521 4020 1598 4094 in
1639 4018 2074 4121 profundum
2121 4031 2336 4118 &sque

1502 4153 1560 4228 F
1578 4153 1616 4226 f
