2917 4959
616 493 761 564 560
884 468 891 473 ’
1218 482 1984 555 'ARISTOTELIS

618 676 908 773 capitur.
1010 668 1301 767 Thuuni
1330 690 1397 741 et
1440 667 1656 763 gladii
1689 671 1824 741 sub
1869 669 2226 745 caniculae
2279 693 2606 745 exortum
2643 756 2650 761 ,

508 798 519 817 ’
622 810 791 882 asilo
823 806 1178 902 agitantur.
1283 802 1518 875 Habet
1550 804 1742 876 enim
1763 831 1890 900 pei·
1915 805 1991 877 id
2020 828 2297 903 tempus
2330 828 2608 881 Vtrum-

620 970 754 1042 que
802 966 1016 1038 genus
1068 935 1459 1009 secuudum
1501 939 1824 1035 pinnulas
1865 942 2064 1039 quasi
2113 942 2612 1032 vermiculum,

618 1104 827 1175 quem
856 1074 1112 1147 asilum
1139 1090 1429 1163 vocant,
1483 1074 1741 1169 scorpii
1767 1075 2012 1171 speeie,
2060 1076 2294 1149 >aranei
2327 1076 2614 1172 magui-‘-

615 1210 879 1285 tudine.
912 1292 920 1299 ,
986 1208 1151 1282 Hoc
1182 1228 1455 1297 tautum
1485 1206 1651 1278 facit
1681 1206 1946 1281 doloris
1966 1263 1987 1300 ,
2070 1229 2145 1283 vt
2193 1210 2430 1283 exiliat
2461 1212 2618 1307 ghi-.-

618 1344 779 1419 dius
818 1372 965 1419 non
1001 1342 1233 1415 minus
1266 1338 1648 1437 delphino:
1703 1362 1912 1441 atque
1946 1342 2118 1417 adeo
2152 1371 2354 1442 saepe
2383 1343 2460 1417 in
2487 1372 2620 1417 na-

523 1474 562 1533 9
626 1480 813 1579 vigia
847 1476 1126 1553 incidat.
1232 1476 1508 1575 Tepore
1543 1473 1848 1572 gaudent
1873 1478 2130 1550 thuani
2164 1478 2466 1553 maxime
2497 1478 2617 1577 pi-

624 1618 879 1689 scium:
958 1615 1251 1710 eiusque
1301 1636 1552 1707 genera
1609 1612 1969 1709 appellunt
2013 1639 2158 1689 sese
2220 1610 2312 1686 ad
2355 1596 2652 1686 littoris

621 1776 921 1841 arenam,
952 1769 1029 1819 vt
1054 1748 1284 1819 calore
1314 1746 1673 1815 fruantur:
1722 1772 2142 1845 summoque
2155 1772 2458 1845 aequore
2475 1772 2614 1819 na-

624 1904 793 1957 tant.
908 1879 1245 1954 Pisciculi
1320 1900 1551 1950 autem
1615 1878 1873 1953 minuti
1931 1880 2203 1957 idcirco·
2263 1882 2417 1957 tuti.
2457 1900 2622 1953 sunt

626 2020 713 2091 ab
762 2017 1085 2109 interitu,
1156 2014 1321 2113 quia
1372 2012 1881 2111 despiciuntur:
1971 2017 2270 2089 maiores
2321 2018 2518 2089 enim
2563 2017 2620 2089 ii

628 2152 755 2251 qui
792 2151 1191 2249 grandiores
1222 2170 1381 2221 sunt
1411 2168 1934 2247 persequuntur.
2035 2148 2136 2222 At
2173 2176 2481 2224 ouon-um
2537 2172 2608 2223 et

624 2287 884 2358 sobolis
904 2284 1203 2359 maxima
1220 2312 1379 2383 pars
1394 2282 1632 2355 interit
1647 2300 1964 2380 tempore
1981 2283 2262 2379 teporis,
2371 2283 2624 2371 Quae-

623 2444 901 2515 cunque
964 2420 1155 2490 enim'
1223 2413 1850 2516 deprehenderint,
1935 2418 2306 2491 absumunt
2355 2418 2615 2493 omnia.
2703 2444 2708 2451 ·

533 2540 809 2625 ¹⁰Ante
848 2552 1015 2625 solis
1066 2574 1299 2626 ortum
1347 2549 1792 2648 potissimum
1857 2550 2234 2649 capiuntur
2287 2552 2508 2649 pisces
2555 2574 2625 2629 et

622 2707 785 2786 post
820 2714 1163 2761 occasum.
1268 2684 1584 2759 Omnino
1615 2708 1785 2756 vero
1819 2684 2004 2759 circa
2037 2709 2276 2761 ortum
2305 2708 2375 2761 etl
2407 2714 2620 2759 occa-

622 2846 800 2891 sum.
916 2820 1122 2893 Tunc
1164 2819 1353 2891 euim
1398 2822 1810 2919 tempestiue
1856 2817 1994 2893 iaci
2043 2822 2214 2893 retia
2259 2820 2610 2893 dicuntur.

622 2952 755 3026 Per
783 2951 860 3024 id
890 2951 1430 3053 itaque'tempus
1459 2924 1722 3029 tollunt
1767 2956 1940 3029 retia
1992 2956 2420 3052 piscatorest'
2473 2981 2620 3053 quo

622 3103 937 3181 tempore
966 3116 1095 3185 per
1120 3089 1359 3161 ‘visum
1386 3087 1831 3185 decipiuntur
1859 3089 2103 3186 pisces.
2206 3090 2280 3163 N
2282 3112 2448 3164 octu
2483 3089 2626 3187 igi-

538 3250 562 3289 1
578 3248 603 3291 1
623 3236 755 3290 tur-
774 3220 1169 3317 quicscuiit.
1266 3220 1564 3295 Maioris
1611 3244 1848 3295 autem
1897 3224 2188 3297 luminis
2237 3224 2636 3301 accessione.

622 3352 783 3451 plus
813 3350 1073 3447 videm.
1176 3355 1512 3431 Pestilen's
1543 3384 1711 3433 vero
1769 3360 2059 3432 morbus
2100 3360 2340 3431 nullus
2388 3360 2464 3433 in
2496 3356 2624 3454 pi-

622 3512 767 3559 sces
790 3482 1097 3559 incidere
1125 3489 1400 3565 videtur
1416 3546 1437 3583 ‚
1493 3491 1894 3567 cuiusmodi
1921 3487 2324 3563 hominibus
2371 3487 2618 3559 euenit

622 3624 1109 3722 saepenumero
1124 3676 1145 3717 ‚
1248 3650 1317 3699 et
1384 3627 1566 3698 inter
1627 3626 1950 3725 animalia
2019 3618 2478 3721 quadrupeda
2545 3643 2620 3695 et

622 3782 805 3853 quae
838 3757 1093 3833 animal
1122 3758 1406 3857 pariunt
1436 3761 1636 3859 equis
1685 3782 1766 3833 et.
1798 3758 2024 3829 bobus
2043 3809 2065 3848 ,
2137 3754 2432 3855 aliisque
2477 3754 2618 3829 ali-

620 3889 881 3988 quibus
915 3916 1058 3967 tam
1086 3894 1375 3967 mitibus
1404 3922 1624 3993 quam
1665 3894 1830 3967 feris
1863 3892 2283 3990 generibus:
2369 3912 2618 3989 aegro-

617 4014 767 4097 tare⁸
804 4046 1037 4107 tamen
1088 4028 1435 4127 videntur.
1567 4028 1658 4104 ld
1701 4010 1918 4129 quod·
1953 4055 2044 4104 ex
2095 4052 2177 4105 eo
2229 4023 2612 4101 conficiunt
