2917 4959
609 428 753 497 218
1207 418 1985 491 ARISTOTELIS

607 608 812 695 Quae
839 603 1089 677 ducem
1113 601 1406 695 habeut,
1458 604 1592 677 sub
1619 623 1820 677 terra.
1923 602 2203 679 Horum
2230 601 2403 677 item
2436 605 2581 679 faui

603 738 953 837 sexanguli
971 792 993 830 ,
1021 736 1617 835 quemadmodum
1650 760 1719 813 et
1750 767 1997 837 apum,
2029 736 2403 835 compositi
2436 768 2583 817 uon

605 902 644 949 e
691 900 845 947 cera
865 927 886 963 ,
965 870 1086 945 sed
1133 898 1220 951 ex
1269 872 1571 946 corticea
1634 873 1921 947 materia
1970 892 2181 970 atque
2229 898 2577 947 araneosa.

599 1008 792 1106 (alii
854 1007 1164 1079 Codices
1211 1004 1605 1101 arenacea.)
1664 1008 2105 1083 crabronum
2131 984 2583 1103 operosior&

599 1170 816 1241 quam
860 1123 1250 1239 vesparum.
1351 1139 1473 1215 Ad
1520 1140 1737 1215 cellae
1764 1141 1949 1213 lauis
1976 1162 2191 1237 apum
2220 1168 2417 1229 more
2448 1141 2585 1217 de—

597 1291 879 1377 ponunt
913 1276 1135 1351 foetus
1169 1302 1332 1352 suos
1369 1298 1602 1375 guttae
1628 1272 2129 1374 magnitudine,
2179 1273 2305 1371 qui
2322 1275 2584 1373 parieti

599 1409 806 1487 adsiti
855 1431 1033 1483 sunt.
1135 1410 1306 1485 Non
1353 1410 1684 1485 omnibus
1734 1410 1811 1483 in
1858 1409 2051 1483 cellis
2098 1427 2327 1483 tamen
2374 1408 2587 1497 simul

597 1544 830 1621 foetus
875 1564 1004 1635 est,
1057 1544 1179 1619 sed
1222 1544 1296 1619 in
1327 1542 1753 1644 qufihusdam
1792 1541 1965 1619 adeo
1986 1539 2322 1639 grandes,
2376 1563 2451 1617 vt
2476 1564 2586 1619 et·-

593 1678 738 1751 iam
769 1678 1006 1753 volare
1033 1679 1338 1778 possint:
1391 1680 1469 1755 iu
1502 1679 1659 1755 aliis
1691 1676 2080 1781 nymphae:
2116 1677 2196 1749 iu
2230 1674 2386 1749 aliis
2414 1702 2582 1753 ver-

593 1810 840 1885 miculi
887 1812 1140 1892 adhuc.
1245 1813 1525 1901 Quibus
1566 1813 1735 1887 solis
1780 1810 1971 1889 adest
2000 1832 2265 1887 stercus
2282 1864 2304 1903 ,
2374 1811 2583 1885 simui
2636 1906 2645 1915 .

591 1948 806 2021 etiam
839 1946 914 2021 iu
947 1978 1162 2048 apum
1185 1976 1452 2049 genere.
1504 1948 1615 2023 Ae
1643 1946 1983 2049 quamdiu
2006 1943 2366 2048 nymphae
2396 1967 2582 2068 sunt,

593 2109 744 2157 non
772 2104 1170 2177 mouentur,
1222 2106 1289 2161 et
1317 2083 1521 2159 fanus
1546 2085 1865 2159 occlusus
1890 2100 2009 2157 est.
2110 2078 2201 2156 {n
2222 2076 2413 2153 cella
2440 2106 2579 2153 au-

597 2236 740 2289 tem
772 2217 1132 2313 fanorum,
1183 2218 1312 2317 qui
1341 2247 1384 2291 a
1423 2219 1884 2294 crabronibus
1910 2214 2395 2305 instituuntur,
2446 2240 2577 2285 ex-

546 2449 558 2459 *
597 2346 976 2423 aduersum
1005 2352 1230 2426 foetus
1262 2355 1465 2451 quasi
1508 2354 1735 2427 mellis
1766 2370 1955 2451 gutta
1986 2347 2183 2423 inest.
2281 2346 2342 2421 1⁴*
2342 2347 2575 2423 oetifi-

595 2502 756 2557 cant
785 2510 930 2558 non
959 2512 1160 2579 vere,
1198 2485 1322 2559 sed
1347 2508 1725 2581 autumn03
1756 2507 1967 2585 atque
2001 2482 2411 2583 pleniluniis
2438 2511 2577 2583 poe

591 2618 942 2691 tissimum
991 2641 1326 2695 crescunt.
1427 2620 1723 2696 soboles
1777 2646 1922 2695 non
1970 2618 2047 2691 in
2094 2618 2309 2693 callae
2348 2618 2572 2695 fundo

591 2752 806 2849 iacet,
857 2755 978 2833 sed
1005 2756 1208 2833 lateri
1242 2756 1651 2857 applicatus.

894 2989 976 3065 C·
1008 2992 1079 3067 A
1129 2992 1206 3069 P.
1309 2994 1519 3067 XXI.
1623 2993 1869 3091 (vulgo
1970 2987 2291 3087 XXIV.)

743 3157 1104 3244 Quaedam
1139 3186 1222 3235 ex
1251 3162 1683 3261 bombycum
1708 3154 1959 3257 genere
1992 3157 2083 3230 ad
2112 3159 2304 3259 lapid
2312 3186 2425 3232 em
2456 3180 2578 3233 aut

593 3292 726 3363 taie
823 3292 1002 3391 qu'id
1091 3313 1505 3370 construunt
1595 3321 1636 3368 e
1708 3294 1862 3369 luto
1955 3315 2177 3368 metae
2266 3288 2571 3390 figuram

592 3425 731 3498 sale
804 3427 1002 3526 quasi
1069 3427 1377 3529 quodam
1425 3428 1742 3505 oblitam.
1854 3428 2187 3501 Crassum
2236 3425 2375 3497 hoc
2418 3423 2567 3497 du-

586 3588 924 3663 rumque:
975 3563 1214 3639 lanoea
1241 3564 1432 3641 enim
1464 3566 1582 3643 vix
1616 3562 1845 3639 diuidi
1878 3577 2119 3660 potest.
2188 3557 2280 3633 In
2312 3584 2399 3633 eo
2428 3586 2565 3659 pa·-

585 3696 822 3791 riunt‚
873 3697 1056 3775 vnde
1083 3702 1256 3775 fiant
1288 3702 1660 3777 vermiculi
1695 3692 1974 3775 candidi
2002 3690 2203 3791 nigra
2232 3694 2309 3769 iu
2342 3724 2565 3773 mem-

585 3834 848 3931 brana3
932 3862 1384 3936 seorsumque
1431 3866 1471 3910 a
1520 3834 1923 3909 membrana
1964 3854 2209 3905 ceram
2258 3832 2335 3909 in
2384 3832 2557 3925 luto,

589 3994 768 4063 quae
796 3969 1006 4075 longe
1035 3996 1136 4051 est
1169 3974 1499 4077 pallidior
1530 3998 1745 4073 quam
1774 3994 1989 4068 apum
2024 3993 2195 4041 cera.
