2917 4959
586 460 739 533 506
920 512 935 530 ,
1198 444 1956 521 ARISTOTELIS
2007 450 2012 455 ’

588 640 880 743 quidem
908 640 1159 717 viuum:
1204 632 1433 710 multi.
1537 632 1816 711 Octauo
1851 657 2086 711 autem
2113 664 2352 715 mense
2391 637 2566 715 editi

590 778 670 853 in
713 778 1047 876 Aegypto
1076 792 1289 871 atque
1332 768 1487 843 aliis
1517 768 1793 867 aliquot
1835 771 2046 866 locis,
2097 799 2408 873 quorum
2453 774 2580 847 in·-

596 910 881 1007 digenae
927 906 1257 981 mulieres
1294 900 1668 979 commode
1711 903 2112 1003 perferunt,
2165 926 2234 982 ct
2263 885 2437 983 tum¹
2464 909 2582 984 fe·-

596 1062 761 1119 runt
803 1036 1065 1115 multos
1096 1040 1306 1115 facile
1320 1093 1343 1134 ,
1390 1056 1550 1112 tum
1581 1036 1792 1111 etiam
1821 1037 2146 1137 pariunt:
2201 1041 2398 1141 iique
2423 1042 2579 1117 nati

591 1176 827 1253 valent
846 1176 1089 1249 viuere
1102 1230 1126 1270 ‚
1174 1172 1445 1249 etiamsi
1477 1171 1854 1248 monstrosi
1885 1172 2186 1269 filerint3
2232 1174 2340 1248 ibi
2363 1174 2581 1275 igitur

598 1310 1033 1387 octimestres
1100 1331 1170 1385 et
1232 1308 1480 1386 vitales
1525 1327 1691 1381 sunt
1735 1325 1807 1380 et
1851 1302 2258 1382 educantur.
2357 1308 2460 1385 At
2503 1310 2582 1387 in

601 1465 829 1521 terrae
860 1445 1191 1521 Graeciae
1230 1441 1630 1540 regionibus
1655 1440 1864 1538 pauci
1899 1443 2198 1516 omnino
2229 1454 2596 1544 superesse

486 1586 489 1592 '
603 1599 934 1681 possunt:
1003 1576 1212 1672 multi
1258 1594 1495 1649 autem
1537 1572 1907 1647 intereunt.
2014 1572 2232 1661 Quod
2297 1576 2357 1648 si
2421 1577 2585 1675 quis

604 1714 839 1787 saluus
868 1710 959 1783 sit
973 1765 995 1805 ‚
1046 1710 1142 1785 ob
1168 1736 1325 1783 eam
1354 1703 1763 1807 opinionem
1795 1726 2050 1808 putant
2075 1686 2403 1785 mulieree
2434 1738 2584 1785 non

604 1868 857 1923 octauo
890 1866 1139 1919 natum
1172 1866 1439 1929 mense,
1485 1838 1613 1914 sed
1653 1832 1962 1918 latuisse·
1984 1868 2129 1921 sese
2163 1864 2588 1945 conceptum

510 1998 555 2063 6
613 2001 835 2055 antea.
949 1976 1308 2053 Laborant
1394 1974 1840 2076 potissimum
1935 1978 2268 2055 mulieres
2349 2004 2590 2057 mense

610 2133 863 2219 quarto
910 2134 981 2189 et
1008 2132 1291 2189 octauo:
1344 2131 1596 2211 quarto
1631 2111 1844 2210 igitur
1884 2134 1954 2189 et
1978 2116 2226 2191 octauo
2255 2088 2492 2191 mense
2521 2114 2588 2189 εἰ

609 2251 837 2325 foetus
884 2266 1375 2348 corrumpatur
1388 2298 1411 2338 ,
1495 2244 1690 2344 ipsae
1747 2274 2034 2347 quoque
2078 2251 2225 2325 fere
2269 2268 2589 2349 pereunt.

610 2382 867 2478 Quare·
900 2408 1046 2455 non
1086 2382 1323 2456 solum
1370 2406 1518 2455 non
1563 2379 1823 2455 viuunt
1869 2384 2290 2459 octimestres
2336 2384 2589 2483 foetus,

608 2514 734 2591 sed
762 2537 831 2591 et
876 2515 1169 2590 illorum
1207 2512 1658 2613 pereuntium
1692 2517 2038 2615 parientes
2079 2520 2156 2592 in
2187 2516 2596 2593 discrimine

612 2672 799 2727 sunt.
900 2648 1171 2726 Eodem
1211 2646 1431 2723 modo
1481 2648 1764 2724 latuisse
1795 2678 2084 2751 quoque
2124 2680 2372 2728 eorum
2407 2678 2592 2727 con-

610 2788 849 2884 ceptio
878 2783 1159 2862 videtur
1175 2839 1199 2879 ,
1248 2783 1379 2885 qui
1420 2805 1578 2884 post
1601 2783 2054 2863 vndecimum
2079 2814 2388 2863 mensem
2417 2784 2588 2861 editi

613 2940 797 2991 sunt.
896 2917 1207 2992 Illorum
1264 2918 1456 2993 enim
1513 2942 1886 3019 conceptus
1931 2922 2216 2998 initium
2267 2923 2592 3019 ignorant

608 3051 963 3127 mulieres.
1064 3051 1385 3127 Flatibus
1414 3053 1606 3127 enim
1635 3058 1815 3128 vteri
1841 3080 2342 3155 saepenumero
2371 3082 2594 3129 occu-

612 3206 848 3285 patae,
898 3208 1141 3286 postea
1186 3184 1509 3262 coeundo
1540 3185 1872 3286 grauidae
1901 3188 2142 3285 factae,
2183 3186 2368 3263 illud
2397 3188 2592 3261 arbi-

612 3341 890 3395 trantur
921 3322 1137 3397 fuisse
1160 3320 1449 3395 initium
1479 3322 1958 3423 conceptionis
1971 3380 1994 3421 ‚
2043 3322 2240 3426 quod
2275 3349 2360 3397 ex
2389 3320 2595 3397 indi-

610 3456 742 3531 ciis
790 3455 1055 3530 vsitatis
1106 3457 1566 3558 agnouissent.

709 3689 857 3765 CA
872 3690 948 3765 P.
1012 3689 1108 3767 V.
1194 3690 1436 3793 (vulgo
1505 3696 1949 3795 continuatur
2015 3688 2250 3767 CAP.
2319 3688 2485 3789 IV.)

757 3858 987 3959 Igitur
1016 3880 1195 3961 quot
1222 3860 1425 3936 metis
1454 3860 1772 3962 pariendi
1813 3858 2092 3935 differat
2119 3862 2209 3935 ab
2243 3858 2402 3935 aliis
2431 3856 2600 3933 ani-

608 3992 911 4067 malibus
944 3992 1165 4071 homo
1176 4048 1199 4089 ,
1246 3992 1381 4070 hae
1412 4015 1596 4070 sunt.
1665 3994 2025 4075 Animalia
2055 3992 2398 4097 quaedam
2423 4018 2592 4070 cum
