2917 4959
653 377 796 446 DE
857 374 1331 449 ANIMAL.
1401 376 1689 447 ΗῙεΤ.
1748 376 1835 446 11.
1906 379 1974 449 4.
2040 383 2106 452 5.
2252 382 2347 476 5⁷

586 560 728 636 cA
741 560 817 635 Ρ.
872 560 1004 637 lv.
1059 561 1302 660 (vulgo
1331 558 1497 637 VII.
1552 560 1905 660 scaligero
1954 561 2161 658 ΧΠ.)

449 758 454 763 ·
533 728 698 802 Oris
747 757 1036 831 quoque
1081 728 1561 829 magnitudine
1612 729 1946 803 differunt
1992 728 2358 803 animalia:

387 862 540 936 aliis
577 862 811 938 hiatus
840 886 1070 941 vastus
1089 920 1109 958 ‚
1162 884 1240 941 vt
1276 864 1430 938 cani
1464 886 1531 938 et
1564 862 1755 938 leoni
1787 886 1854 938 et
1877 865 2151 939 serratis
2182 864 2356 937 aliis.

382 999 772 1074 Nonnullis
813 1024 1078 1098 paruus
1095 1056 1116 1093 ‚
1183 1021 1262 1073 vt
1302 998 1603 1072 homini.
1708 999 2152 1086 Quibusdam
2198 1024 2361 1073 me·-

383 1132 642 1210 diocris
660 1191 681 1228 ‚
732 1157 814 1210 vt
843 1136 1079 1233 generi
1119 1132 1350 1207 suillo.
1417 1130 1810 1233 Aegyptius
1862 1156 2088 1209 autem
2136 1162 2359 1232 equus

380 1267 700 1341 fluuialis
736 1268 982 1341 iubam
1015 1268 1229 1339 habet
1254 1266 1471 1339 instar
1501 1267 1664 1366 equi
1681 1322 1702 1359 ,
1755 1286 1997 1364 estque
2025 1266 2359 1359 bisulcuS,

383 1423 465 1477 vt
489 1404 656 1497 bos,
700 1423 770 1476 et
794 1384 970 1475 facie
1003 1400 1256 1473 simus:
1277 1398 1516 1513 ‘habet
1545 1402 1756 1476 etiam
1785 1400 2008 1473 talum
2040 1398 2359 1474 bisulco-

385 1566 547 1611 rum
609 1565 844 1631 more,
916 1557 984 1612 et
1033 1535 1438 1610 subexertos
1494 1533 1766 1629 denteS,
1834 1532 2128 1609 caudam
2177 1534 2357 1629 suis,

382 1672 551 1771 equi
581 1699 864 1768 voeem3
893 1668 1372 1769 magnitudine
1402 1670 1673 1747 asinina
1700 1680 1802 1747 est
1818 1725 1839 1765 ,
1872 1670 2136 1768 talique
2162 1696 2357 1755 erae-

385 1806 690 1882 situdine
717 1806 926 1901 eor-ii,
957 1826 1034 1882 vt
1056 1831 1140 1879 ex
1171 1788 1258 1881 eo·
1280 1804 1518 1880 hastae
1550 1828 1943 1883 tornentur,
2012 1804 2359 1881 Interiora

390 1970 559 2019 vero
584 1942 797 2017 habet
823 1939 1082 2015 similia
1110 1966 1296 2041 equo
1320 1962 1389 2015 et
1419 1942 1636 2019 asino.

485 2145 728 2217 CAP.
795 2145 895 2217 V.
978 2142 1236 2240 (vulgo
1283 2142 1491 2216 VIII.
1578 2142 1936 2239 Scaligero
2012 2142 2265 2238 XIII.)

407 2362 418 2370 -
537 2308 736 2381 Inter
764 2306 1128 2383 hominem
1159 2306 1843 2411 quadrupedumque
1872 2336 2085 2408 genus
2116 2330 2363 2385 natura

387 2440 742 2544 quaedam
807 2440 1077 2536 media,
1175 2462 1386 2541 atque
1445 2445 1725 2545 Vtrique
1773 2442 2168 2521 communis
2218 2466 2358 2520 est:

359 2578 636 2677 quales
659 2576 864 2650 simia
877 2633 898 2672 ,
930 2580 1144 2663 eehus
1161 2632 1182 2672 ,
1221 2578 1566 2679 eanieeps.
1608 2579 2205 2683 (cynocephalus.)
2240 2580 2365 2651 Est

387 2736 624 2787 autem
653 2714 888 2787 ochus.
903 2713 1106 2786 simia
1135 2709 1446 2785 caudata.
1548 2712 1887 2814 Caniceps
1916 2738 2365 2789 communem

358 2874 558 2927 ,eum
607 2848 812 2924 simia
852 2848 1164 2924 formam
1200 2844 1447 2940 habet,
1496 2845 1634 2921 nisi
1680 2848 1875 2949 quod
1922 2870 1995 2923 et
2024 2849 2251 2925 maior
2296 2870 2367 2923 et

399 2982 754 3057 robustior
783 3004 886 3059 eat
899 3038 921 3078 ‚
954 2981 1350 3080 faciemque
1373 2978 1593 3055 habet
1620 2983 1909 3058 caninae
1934 2978 2359 3085 propiorem.

363 3092 600 3187 'Tum
629 3117 946 3191 moribus
975 3116 1282 3193 existunt
1307 3109 1855 3215 efferatioribus3
1908 3119 2147 3195 dentes
2176 3148 2365 3223 quo.-

397 3277 541 3351 que
582 3248 974 3335 caniniores
1017 3274 1218 3351 atque
1267 3250 1711 3329 robustiores.
1811 3254 2069 3331 Simiae
2094 3276 2361 3356 partes,

399 3414 580 3486 quae
613 3386 892 3461 caelum
942 3405 1280 3485 spectant,
1331 3407 1406 3463 vt
1436 3386 1705 3485 pilosae
1748 3408 1947 3483 suut,
1999 3412 2367 3492 propterea

399 3521 596 3621 quod
630 3518 1180 3621 quadrupedum
1209 3522 1444 3621 generi
1472 3520 1965 3621 adscribuntur
1982 3581 2003 3620 ‚
2060 3526 2157 3599 ita
2186 3552 2368 3623 quae

407 3654 496 3729 ad
525 3675 782 3729 terram
807 3628 1238 3756 deuergunt,
1301 3684 1621 3757 quoque3
1664 3658 1831 3757 quia
1859 3659 2173 3735 hominis
2204 3682 2369 3755 spe-

404 3788 590 3863 eiem
621 3790 942 3881 referunt.
1042 3792 1116 3869 N
1119 3820 1232 3867 am
1263 3791 1337 3867 in
1371 3790 1761 3871 homine-et
1793 3789 2369 3893 quadrupedibus

403 3924 550 4013 hoc
599 3926 961 4031 contrario*
993 3954 1066 4005 se
1105 3926 1368 4017 habere
1403 3926 1625 4005 modo
1670 3956 1884 4029 supra
1930 3926 2195 4001 dictum
2242 3948 2362 4005 est.
