2917 4959
672 484 815 553 DE
880 476 1358 551 ANIMAL.
1425 478 1710 551 Hls‘r.
1764 482 1885 553 VI.
1958 485 2067 553 13.
2202 494 2339 583 257

703 666 764 739 C
813 663 885 738 A
933 663 1009 737 P.
1113 660 1314 735 XHI.
1415 662 1671 760 (vulgo
1766 663 2023 763 XIV.)

513 802 878 876 deuaeres
911 795 1430 897 fluuiatilesque
1476 798 1695 897 pisces
1727 800 1871 871 fere
1904 788 2177 897 grauidi
2202 831 2347 880 esse
2410 858 2415 865 ·

361 936 710 1035 incipiunt
743 936 992 1032 quinto
1034 929 1270 1005 aetatis
1305 958 1469 1007 suae
1494 960 1747 1007 mense.
1845 935 2175 1010 V'ertente
2210 966 2341 1011 au-

359 1092 499 1146 tem
554 1044 736 1143 anno
781 1065 1066 1164 pariunt
1115 1091 1374 1145 omnes.
1481 1066 1733 1167 Neque
1767 1096 1931 1143 vero
1962 1092 2083 1144 aut
2116 1100 2341 1147 mares

357 1206 752 1305 genituram
803 1219 924 1271 aut
955 1198 1252 1271 feminae
1299 1223 1436 1297 oua
1472 1172 1723 1273 omnia⁸
1752 1203 1961 1275 simul
1992 1207 2339 1301 emittunt,

361 1361 439 1414 vt
485 1364 616 1410 nec
663 1334 956 1425 marini3
1009 1330 1132 1405 sed
1180 1358 1454 1429 semper
1501 1334 1667 1432 plus
1717 1336 2039 1407 minusue
2084 1337 2341 1415 hahent

361 1472 502 1544 hae
547 1496 850 1545 ouorum
867 1521 888 1560 ‚
941 1465 1018 1537 hi
1067 1464 1346 1539 seminis
1363 1468 1370 1473 ’
1387 1468 1719 1564 genitalis,
1825 1469 2115 1541 Pariunt
2154 1475 2341 1546 statis
2406 1480 2411 1485 ’

365 1606 835 1705 temporibus;
886 1598 1218 1701 cyprinus
1241 1599 1620 1699 quinquies
1664 1621 1785 1674 aut
1814 1600 2029 1673 sexies
2045 1658 2065 1693 ‚
2118 1606 2344 1703 parit-

359 1766 500 1839 que
563 1736 1006 1836 potissimum
1067 1735 1198 1805 sub
1275 1756 1625 1809 certorum
1700 1733 2009 1808 siderum
2072 1730 2348 1817 exortui

361 1871 642 1945 Chalcis
695 1892 928 1943 autem
973 1889 1119 1941 ter:
1189 1851 1398 1941 ceteri
1448 1896 1687 1943 omnes
1742 1870 1955 1942 semel
2001 1872 2075 1945 in
2134 1902 2336 1951 anno.

363 2005 658 2079 Pariunt
699 2025 930 2077 autem
971 2000 1046 2074 in
1081 2002 1553 2099 stagnantibus
1580 2004 1969 2085 fluuiorum
2002 2006 2199 2103 aquis
2229 2009 2342 2081 la-

359 2166 716 2238 euumque
765 2137 854 2210 ad
905 2132 1280 2208 arundines
1296 2191 1317 2228 ‚
1368 2137 1585 2210 veluti
1620 2133 1935 2232 phoxini‘'
1959 2158 2027 2210 et
2074 2156 2343 2236 percae(

359 2274 622 2345 Glanes
647 2293 716 2345 et
745 2296 990 2368 percae
1019 2270 1242 2341 foetus
1267 2294 1428 2341 suos
1459 2268 1899 2342 cohaerentes
1930 2268 2165 2366 edunt,
2208 2274 2339 2347 sic-

358 2424 438 2481 vt
485 2426 552 2478 et
605 2430 848 2497 ranae3
893 2405 1023 2503 qui
1053 2404 1146 2475 ita
1173 2420 1336 2474 sunt
1365 2406 1759 2475 continuata
1784 2404 1959 2478 serie
1988 2408 2345 2504 obuoluti‚‘

357 2562 436 2617 vt
468 2537 662 2639 quod
692 2564 894 2636 perca
930 2537 1272 2635 pepererit
1285 2591 1306 2628 ,
1361 2558 1721 2635 propterea
1748 2537 1943 2638 quod
1972 2541 2193 2615 fusius
2220 2556 2343 2617 ex-'

359 2672 726 2773 pandatur,
777 2673 1142 2771 piscatores
1180 2672 1254 2741 in
1308 2668 1597 2741 lacubus
1646 2699 1729 2743 ex
1772 2672 2231 2745 arundinibus
2260 2676 2339 2749 in

355 2810 676 2907 glomum
731 2808 1082 2903 colligant.
1183 2802 1487 2877 Maiores
1546 2805 1777 2901 glanes
1834 2803 1909 2876 in
1964 2804 2337 2901 profundis
2374 2815 2384 2825 '

303 2998 324 3013 ,
359 2943 562 3041 aquis
617 2940 936 3037 pariunt3
989 2940 1262 3039 quippe·
1285 2936 1643 3010 'nonnulli
1692 2938 1897 3011 etiam
1929 2939 2048 3010 vbi
2090 2965 2337 3017 senum.

359 3073 625 3173 pedum
655 3072 944 3147 altitudo
973 3072 1079 3145 sit.
1157 3070 1499 3145 'Minores
1526 3070 1699 3144 loeis
1726 3070 2165 3144 breuioribus
2192 3073 2339 3145 fere

364 3205 484 3279 ad·
508 3202 770 3277 radices
835 3207 1056 3277 salicis
1105 3228 1223 3278 aut
1270 3206 1557 3279 alterius
1606 3204 1871 3277 arboris
1926 3205 2345 3303 cuiuspiam,’

359 3342 694 3438 iuxtaque
733 3336 1104 3412 arundines
1157 3360 1362 3438 atque
1407 3342 1615 3413 etiam
1659 3316 1997 3412 muscum.
2050 3332 2341 3435 (vluam

281 3453 288 3459 .
365 3476 832 3549 Gamotiana
878 3472 1112 3543 editio
1139 3476 1529 3571 nominat.)
1562 3476 1839 3547 Coeunt
1878 3474 2085 3547 etiam
2113 3472 2341 3545 inter-⁴

365 3608 540 3683 dum
584 3606 788 3681 valde
833 3635 1122 3707 magnus
1171 3633 1334 3679 cum
1362 3634 1617 3705 paruo,
1666 3628 1734 3682 et
1760 3607 2053 3680 admotis
2094 3604 2343 3677 meati-

361 3743 500 3813 bus
553 3741 732 3813 inter
781 3768 885 3835 se,
953 3768 1150 3839 quos·
1181 3762 1432 3815 vocant
1477 3743 1697 3844 aliqui
1735 3738 2137 3830 vmbilicos3
2203 3732 2346 3835 qua

365 3894 564 3974 parte
595 3898 824 3946 semen
847 3852 1174 3951 emittunt
1200 3874 1524 3973 genitale:
1578 3874 1877 3977 feminae
1900 3900 2035 3947 oua
2050 3924 2071 3961 ,
2122 3894 2349 3943 mares

367 4006 758 4106 genituram
819 4007 1216 4105 proiiciunt.
1265 4046 1277 4051 ·
1315 4010 1593 4088 Primo:
1622 4012 1843 4108 igitur,
1888 4027 2165 4102 aspersu
2212 4030 2353 4079 oua

1509 4145 1579 4219 R
