2917 4959
43 4197 53 4802 -———v--—--———————

116 4503 125 4514 ι

592 455 683 526 72
906 497 919 508 ,
1094 419 1950 508 ,ᾺΜεΤοΤΕωβο

589 613 890 704 habentJ
937 634 1115 706 quae
1144 606 1405 680 scilieet
1433 605 1690 680 animal
1721 603 2028 704 pariunt?
2093 601 2195 678 At
2217 607 2566 705 ouipaross'⁴

594 755 757 821 tum
790 743 1016 816 nulla:
1066 768 1298 842 neque
1326 742 1518 814 enim
1547 761 1668 813 aut
1695 739 1846 812 auis
1871 759 1992 812 aut
2018 739 2265 839 pi'sds3
2296 748 2572 841 praetei'·

593 907 802 958 vnam
836 873 1364 974 quadrupedem
1404 872 1824 948 testudinem
1869 875 2242 968 marinam,
2295 874 2576 973 magni-

594 1009 838 1086 tudine
875 1009 1113 1082 ceteris
1142 1009 1684 1110 respondentem
1709 1009 2046 1084 membris
2059 1065 2082 1103 ‚
2113 1008 2578 1084 similitudine

596 1145 899 1220 bubulos
934 1167 1129 1216 renes
1162 1152 1797 1240 repraesentantem.
1895 1142 2082 1218 Sunt
2109 1145 2298 1218 enim
2327 1142 2584 1218 bubuli

602 1280 800 1378 quasi
834 1305 871 1351 e
898 1277 1137 1350 multis
1168 1277 1570 1349 renunculis
1601 1276 1991 1376 oompositi.
2095 1279 2326 1352 Habet
2349 1299 2584 1352 autem

600 1415 937 1488 bonassus
980 1433 1265 1508 quoque
1316 1410 1554 1484 omnia
1595 1409 1926 1484 interiora
1971 1411 2260 1484 bubulis
2307 1413 2581 1488 similia.

776 1546 1052 1642 [Vulgo
1121 1541 1180 1613 C
1210 1540 1281 1614 A
1310 1541 1386 1614 P.
1456 1543 1698 1616 XVII.
1771 1541 2120 1641 scaligero
2187 1544 2436 1644 XIX.]

506 1697 549 1742 2
710 1677 928 1764 Quod
976 1701 1143 1751 vero
1192 1673 1285 1747 ad
1329 1675 1544 1750 situm
1591 1677 1921 1776 pertinet
1907 1731 1930 1771 ,
2021 1703 2200 1776 quae
2259 1679 2590 1756 animalia

608 1835 841 1922 partes
869 1811 1075 1888 hasce
1116 1808 1468 1903 obtinent,
1533 1811 1748 1884 simili
1797 1808 2012 1886 modo
2057 1809 2424 1910 dispositas
2451 1811 2592 1887 ha-

609 1951 799 2023 bent.
866 1945 1061 2020 Tum
1090 1971 1214 2018 eor.
1242 1944 1319 2016 in
1346 1941 1619 2038 medio,
1671 1950 2158 2045 praeterquam
2179 1944 2425 2042 hom0,
2475 1949 2594 2022 cui

610 2081 691 2155 in
722 2080 1107 2155 sinistriore
1137 2099 1329 2178 parte
1356 2100 1455 2152 est
1468 2134 1490 2173 ‚
1541 2076 2160 2180 quemadmodum
2165 2105 2374 2179 supra
2381 2079 2598 2154 dixi-2
2724 2121 2736 2130 ·

616 2240 797 2288 mus.
900 2214 1257 2292 Praeterea
1313 2211 1547 2288 eordis
1569 2224 1575 2232 '
1597 2240 1844 2288 mucro
1895 2212 2226 2287 omnibus
2267 2241 2598 2313 prorsum

619 2370 920 2448 spectat3
972 2375 1376 2445 quanquam
1404 2349 1602 2422 aliter
1633 2347 1712 2420 in
1747 2345 2056 2445 piscibus
2075 2345 2318 2422 ‘videri
2354 2353 2608 2446 potest:

621 2481 881 2580 Neque
924 2480 1115 2553 enim
1135 2477 1237 2566 ‘ad
1267 2498 1542 2576 peetus,
1593 2475 1717 2550 sed
1749 2476 1840 2550 ad
1882 2499 2090 2576 eaput
2121 2500 2191 2552 et
2229 2507 2308 2554 os
2335 2501 2605 2579 prostat

542 2629 558 2666 ἒ
624 2643 907 2706 mucro,
972 2634 1045 2686 et
1084 2637 1437 2686 summum
1485 2609 1634 2682 eius
1679 2609 2070 2710 propendet
2111 2610 2202 2684 ad
2247 2612 2602 2709 modium,

630 2752 753 2855 vbi
826 2753 1061 2823 laeuae
1122 2743 1542 2844 dextraeque
1609 2744 1989 2822 branchiae
2047 2746 2602 2834 committuntur..

507 2909 514 2917 ·
624 2883 783 2956 'Alii
830 2907 1117 2982 quoque
1161 2909 1250 2956 ex.
1288 2878 1502 2955 eorde
1559 2899 1824 2954 meatus
1867 2883 1950 2971 in
1985 2909 2198 2958 vnam
2251 2906 2613 2980 quamque

633 3013 1047 3090 branchiam
1078 3013 1594 3114 protenduntur
1627 3013 1930 3092 maiores
1958 3016 2424 3114 minoresque,
2469 3023 2616 3114 pro·

634 3171 1017 3246 corporum
1058 3151 1399 3251 portione.
1507 3151 1834 3224 Ceterum
1870 3148 1954 3242 in·
1991 3150 2270 3248 magnis
2298 3149 2609 3249 piscibus

634 3280 839 3356 valde
876 3311 1143 3382 crassus
1182 3287 1392 3359 tubus
1436 3303 1540 3356 est
1583 3304 1652 3360 et
1691 3285 1890 3378 albus
1915 3283 2006 3377 is,
2063 3284 2190 3382 qui
2221 3285 2298 3378 in
2331 3309 2620 3356 summo·

538 3425 585 3486 3
642 3413 855 3488 eorde
898 3441 1021 3492 est.
1133 3418 1251 3494 At.
1292 3419 1527 3516 gulam
1573 3420 1780 3518 pauci
1839 3418 2142 3518 piscium
2183 3417 2366 3490 nacti
2405 3437 2606 3514 sunt3

640 3549 907 3649 quippe
938 3578 1193 3648 conger
1222 3573 1291 3626 et
1314 3553 1653 3650 anguilla,
1689 3551 1812 3628 sed
1841 3575 1910 3628 et
1933 3552 2016 3626 hi
2047 3551 2610 3648 exiguam-Affl-

642 3707 905 3759 mantes
933 3713 1111 3786 quae
1141 3687 1334 3758 iecur
1370 3689 1786 3762 continuum
1805 3687 2099 3778 habent,
2140 3684 2228 3756 iis
2262 3685 2340 3758 in
2367 3684 2612 3761 dextra

642 3841 841 3916 parte
875 3841 1103 3896 totum
1141 3823 1369 3898 situm,
1390 3841 1513 3894 est.
1616 3820 1717 3894 At
1756 3846 1934 3919 qnae
1959 3820 2190 3894 statim
2215 3821 2306 3893 ab
2331 3847 2608 3896 summo

646 3951 889 4026 fissum
916 3958 1267 4062 obtinent,
1328 3954 1552 4032 maior
1565 3955 1815 4055 portio
1849 3955 1930 4032 in
1961 3955 2200 4033 dextra
2228 3956 2420 4032 iaoet.
2523 3955 2560 4032 Ι
2563 3985 2606 4030 n
2669 3990 2679 4000 ·
