2917 4959
766 484 773 494 '
880 485 1155 550 LIBER
1236 487 1396 549 XXI.
1483 485 1817 550 CAR-11.
2184 489 2302 550 485

350 653 647 718 memoria
671 665 791 731 est,
834 676 987 734 quae
1012 655 1157 716 facit
1180 677 1257 717 ex
1289 654 1459 735 prius
1494 675 1601 734 per
1630 673 1867 715 sensum
1894 667 2136 738 accepto
2163 659 2310 717 redss

348 757 443 818 ire
484 757 550 814 in
582 758 790 816 absens
838 756 1147 834 sensibile3
1208 760 1365 816 sicut
1390 754 1668 814 videmus
1703 757 1974 815 vultures
2015 769 2305 817 saturatos

344 857 631 916 recedere
662 877 697 915 a
718 857 856 916 loco
884 855 1217 931 cadaueris,
1262 865 1323 915 et
1353 865 1560 934 postea
1591 853 1814 916 iterum
1843 857 2044 916 redire
2075 878 2150 917 ex
2180 877 2309 916 me-

344 956 541 1015 moria
577 953 699 1015 loci
729 966 789 1018 et
817 958 1157 1018 cadaueris:
1200 963 1261 1012 et
1286 954 1405 1012 hoc
1438 953 1616 1012 modo
1642 955 1715 1013 ad
1746 957 1942 1016 caulas
1980 966 2309 1017 reuertun-

342 1061 447 1112 tur
474 1073 709 1134 greges,
750 1064 817 1114 ’et
847 1075 984 1114 aues
1019 1054 1094 1113 ad
1118 1052 1293 1112 nidos
1312 1096 1329 1127 ,
1380 1059 1437 1110 et
1456 1053 1818 1118 huiusmodi.
1901 1057 2307 1132 Quaecunque

338 1162 542 1211 autem
586 1154 939 1213 animalium
974 1173 1101 1212 non
1145 1158 1592 1230 persequuntur
1630 1151 1751 1210 nisi
1793 1172 2076 1230 praesens
2113 1149 2310 1213 sensi-

338 1250 467 1312 bile
488 1292 504 1323 ‚
544 1261 605 1310 et
636 1271 713 1311 ex
745 1249 917 1330 prius
957 1259 1201 1329 accepto
1238 1269 1363 1308 non
1390 1259 1779 1309 reuertuntur
1810 1251 1883 1308 ad
1917 1255 2125 1312 absens
2158 1237 2309 1309 smi-

341 1349 554 1424 sibile,
626 1351 845 1410 scimus
890 1350 1242 1410 memoriam
1288 1349 1516 1409 nullam
1558 1351 1726 1430 prius
1764 1361 2142 1430 acceptorum
2197 1349 2305 1407 11:1-

342 1453 521 1522 b'ere3
577 1449 734 1510 sicut
772 1459 913 1507 sunt
950 1469 1216 1523 muscae,
1260 1467 1415 1525 quae
1459 1469 1598 1508 cum
1641 1451 1988 1528 abiguntur,
2029 1449 2312 1509 reuelant

342 1547 727 1608 immemores
754 1547 909 1609 ictus
932 1549 1103 1628 prius
1138 1549 1385 1628 accepti.
1450 1548 1742 1632 Videmus
1771 1549 1951 1608 ctiam
1981 1547 2146 1626 quod
2172 1567 2307 1630 ccr-

343 1657 473 1707 tum
500 1648 873 1707 domicilium
901 1669 1029 1706 non
1051 1649 1423 1722 custodiunt,
1459 1659 1519 1706 et
1543 1647 1818 1706 videmus
1842 1647 2004 1726 quod
2032 1667 2158 1707 non
2185 1645 2316 1704 nisi'

344 1765 630 1824 praesens
658 1745 944 1805 sensibile
970 1757 1435 1824 persequuntur.
1515 1745 1790 1824 Amplius
1815 1747 2092 1805 videmus
2123 1765 2314 1826 quae-

346 1844 486 1902 dam
510 1842 795 1904 animalia
816 1845 1113 1922 quandam
1147 1843 1429 1905 habentia
1455 1844 1840 1922 prudentiam
1874 1847 2034 1906 circa
2062 1865 2159 1904 res
2185 1843 2306 1905 sibi

346 1943 755 2014 conferentes,
798 1951 859 2002 et
885 1951 1085 2004 tamen
1113 1935 1674 2024 indiscipliuabilia3
1715 1943 1871 2004 sicut
1889 1955 2055 2024 patet
2070 1943 2139 2005 in
2170 1941 2306 2021 api-

342 2043 488 2116 bus,
530 2061 683 2121 quae
715 2043 1101 2121 prudentiam
1130 2043 1357 2106 habent
1382 2065 1654 2124 magnam
1679 2043 1748 2103 in
1775 2047 1955 2104 rebus
1985 2044 2307 2104 conferen-

342 2140 505 2202 tibus
521 2186 537 2217 ,
584 2151 645 2201 et
670 2149 875 2203 tamen
898 2162 1025 2203 non
1058 2143 1555 2225 disciplinatui-3
1598 2153 1656 2203 et
1681 2141 1962 2202 similiter
1985 2142 2306 2216 formicae3

345 2259 427 2300 ex
468 2239 793 2320 prudentia
826 2243 991 2303 enim
1026 2244 1322 2324 contingit
1360 2242 1526 2322 quod
1554 2243 1882 2322 prouidcnt
1921 2241 2037 2302 sibi
2065 2240 2312 2300 thesau-

346 2349 483 2402 ros:
525 2339 631 2399 secl
656 2343 818 2421 quod
852 2362 978 2404 non
1002 2345 1261 2404 veniunt
1288 2343 1366 2404 ad
1389 2363 1570 2403 voces
1597 2341 1916 2400 hominum
1930 2386 1949 2416 ‚
1993 2351 2054 2400 et
2073 2337 2196 2403 n'cn
2225 2336 2310 2397 ti-

344 2447 515 2500 ment
540 2439 735 2499 minss
754 2439 1029 2521 ipsorum
1046 2487 1065 2519 ‚
1097 2463 1210 2504 nec
1238 2443 1524 2504 videntur
1539 2441 1750 2520 fugere
1778 2439 2079 2501 terribiles
2111 2451 2314 2512 sonos,·

345 2543 582 2622 signum
635 2551 725 2602 est
766 2541 930 2619 quod
982 2541 1104 2602 sint
1148 2541 1685 2621 indisciplinabilia
1739 2560 1852 2618 per
1903 2535 2312 2616 magisterium

342 2641 692 2705 hominum:
737 2649 996 2722 propter
1022 2641 1187 2719 quod
1230 2641 1408 2700 etiam
1438 2639 1682 2719 quidam
1726 2639 1963 2712 dicunt,
2008 2635 2170 2714 quod
2211 2654 2314 2691 so·-

346 2761 461 2803 nos
498 2755 637 2800 non'
664 2739 941 2800 audiunt:
1006 2740 1125 2800 hoc
1168 2749 1367 2799 autem
1404 2739 1476 2795 in
1514 2735 1870 2798 antehabitis
1905 2735 2312 2814 improbatum

353 2849 471 2915 est,
504 2840 648 2918 quia
662 2837 953 2900 videntur
968 2856 1147 2896 sonos
1163 2837 1391 2896 audire.
1442 2835 1565 2896 Sed
1579 2835 1866 2916 quicquid
1883 2835 2050 2896 sitde
2069 2833 2275 2894 auditu
2292 2849 2317 2905 ‚·

348 2939 472 3000 hoc
508 2939 727 3014 absque
762 2935 948 2995 dubio
976 2953 1191 2996 verum
1231 2947 1352 3014 est,
1411 2938 1578 3016 quod
1600 2953 1778 2995 sonos
1803 2956 1927 2995 non
1956 2933 2207 2994 audiunt
2236 2929 2314 2989 ad

353 3035 769 3114 disciplinam,
788 3045 855 3094 vt
877 3053 989 3116 per
1018 3036 1267 3098 nomina
1299 3036 1509 3098 vocari
1540 3035 1775 3116 possint
1803 3043 1864 3094 et
1875 3031 2125 3106 instrui,
2156 3031 2318 3089 sicut

354 3122 743 3198 inm-amitat
768 3134 1052 3196 animalia
1078 3137 1295 3209 multa,
1337 3137 1492 3198 sicut
1529 3155 1706 3196 canes
1751 3145 1812 3195 et
1849 3129 2057 3191 simiae
2097 3137 2160 3188 et
2197 3127 2318 3186 alia
2369 3151 2380 3162 =

356 3235 670 3317 quaedam.
738 3231 1080 3312 Dupliciter
1107 3239 1269 3297 enim
1292 3239 1552 3298 habetur
1575 3235 1808 3297 auditus
1835 3235 1909 3294 ab
1940 3227 2322 3300 animalibus:
2375 3230 2416 3290 3

356 3359 391 3398 a
414 3332 769 3416 quibusdam
796 3331 957 3392 enim
978 3335 1263 3414 habetur,
1304 3337 1367 3396 in
1394 3345 1686 3416 quantum
1717 3345 1806 3396 est
1827 3351 2035 3394 sensus
2057 3338 2322 3402 tantum3

356 3445 421 3497 et
448 3456 483 3495 a
510 3432 867 3514 quibusdam
898 3432 1188 3511 habetur,
1228 3435 1296 3494 in
1320 3435 1608 3513 quantum
1639 3443 1727 3492 est
1753 3429 2148 3510 disciplinalis
2179 3445 2326 3485 sen-

360 3557 477 3596 sus.
560 3533 640 3594 Et
675 3532 797 3594 hoc
838 3534 1103 3593 secundo
1136 3533 1317 3592 modo
1360 3533 1556 3594 adhuc
1583 3533 1909 3612 dupliciter
1935 3527 2328 3608 participatur

364 3637 440 3694 ab
471 3634 864 3693 animalibus:
906 3633 1191 3713 quoniam
1218 3633 1321 3693 hic
1343 3653 1551 3692 sensus
1584 3642 1674 3692 est
1694 3627 2152 3710 disciplinabilis
2170 3671 2186 3700 ,
2232 3645 2330 3684 se-

364 3731 634 3791 cundum
672 3731 833 3810 quod
872 3751 985 3810 per
1017 3753 1197 3792 sonos
1239 3744 1301 3792 et
1325 3751 1505 3794 voces
1546 3733 1838 3810 accipitur
1882 3729 2100 3788 notitia
2132 3726 2335 3786 inten'-

365 3831 603 3892 tionum
628 3825 893 3888 sonantis
922 3841 1023 3890 sut
1050 3832 1340 3894 vocantis.
1410 3833 1544 3894 Hoc
1573 3832 1735 3891 enim
1763 3831 1947 3890 modo
1975 3827 2111 3888 soni
2136 3833 2197 3886 et
2222 3845 2336 3884 vo-

370 3952 467 3993 ces
524 3926 756 3991 faciunt
810 3928 1207 4008 disciplinam.
1289 3931 1419 3991 Hoc
1454 3941 1654 3991 autem
1687 3928 2010 4008 dupliciter
2047 3927 2136 3987 fit.
2221 3923 2338 4011 Ea·-

374 4032 546 4092 ciunt
599 4029 763 4089 enim
818 4027 953 4088 soni
1009 4039 1069 4088 et
1122 4050 1300 4090 voces
1343 4031 1667 4110 aliquando
1705 4029 1944 4110 signum
1985 4024 2342 4089 intentionis
