2917 4959
500 414 509 423 ’
570 462 716 553 390
1170 457 1932 531 Ams'ro'rnms

573 642 831 753 procul
866 639 1179 717 abscedat
1200 643 1362 717 fera.
1461 638 1572 711 Ibi
1597 638 1812 736 igitur
1843 637 2239 716 assultando
2267 666 2390 737 spe
2419 666 2544 711 ca·-

580 775 831 875 piundi
874 774 1081 872 perit„
1136 774 1361 845 Aiunt
1403 772 1648 864 etiam,
1683 773 2063 869 pantherae
2097 796 2348 849 notum
2377 798 2542 866 esse,

580 912 727 985 eius
761 908 975 985 odore
1018 906 1353 984 oblectari
1397 908 1596 980 feras.
1697 901 1880 1003 Ergo
1907 906 2333 981 abscondere
2373 932 2542 1000 sese,

580 1070 660 1115 ac
690 1042 955 1117 venari:
1007 1039 1331 1117 accedere
1376 1042 1568 1117 enim
1605 1036 1792 1113 illas:
1840 1037 2022 1113 banc
2049 1060 2282 1115 autem
2311 1039 2548 1121 corn-i·-c

574 1202 737 1275 pere
774 1175 982 1248 etiam
1028 1202 1274 1249 ceruos
1312 1172 1405 1249 ad
1445 1174 1641 1247 hunc
1679 1170 1989 1245 modum.
2088 1170 2180 1247 In
2222 1172 2546 1273 Aegypto

574 1310 1033 1401 ichneumon,
1052 1330 1415 1409 conspecta
1438 1328 1752 1409 serpente
1775 1303 2034 1404 aspide,
2053 1331 2198 1383 non
2225 1303 2426 1404 prius
2442 1304 2552 1377 in·

576 1442 775 1521 vadit
789 1500 812 1538 ,
862 1472 1073 1542 quam
1104 1444 1502 1520 conuocatis
1523 1439 1906 1517 auxiliariis
1936 1439 2113 1513 aliis.
2185 1438 2382 1513 Tum
2417 1437 2550 1511 ad·-

578 1605 811 1654 versus
856 1578 1033 1650 ictus
1078 1598 1287 1675 atque
1324 1602 1596 1651 morsus
1635 1601 1712 1648 se
1755 1574 1944 1672 ipsos
1977 1574 2132 1649 luto
2173 1573 2538 1649 oblinunt:

578 1709 939 1797 madefacti
984 1710 1174 1785 enim
1206 1737 1385 1809 aqua
1413 1710 1610 1807 prius
1624 1763 1647 1802 ‚
1696 1736 1864 1815 mox
1891 1707 2094 1781 humi
2115 1706 2535 1783 'volutantur-

574 1840 957 1915 Trochilus
1004 1840 1523 1917 crocodilorum
1556 1842 1998 1918 oscitantium
2032 1842 2108 1917 in
2143 1868 2222 1917 os
2251 1838 2544 1932 inuolat,

574 1974 775 2075 cuius
800 1974 1039 2049 dentes
1073 1992 1337 2075 purgat.
1432 1976 1658 2073 Igitur
1686 1974 1854 2049 i'nde
1887 1974 2036 2073 ipse
2062 1974 2302 2048 cibum
2335 1973 2542 2070 capit,

572 2106 689 2181 illi
739 2110 1163 2207 voluptatem
1207 2110 1495 2208 capiunt
1513 2162 1538 2203 ,
1600 2135 1828 2208 neque
1865 2128 2132 2183 nocent.
2233 2104 2376 2179 Sed
2419 2105 2542 2191 vbi

572 2239 760 2313 exire
808 2242 993 2333 vult,
1044 2240 1313 2315 collum
1350 2263 1620 2336 mouet,
1672 2268 1762 2316 ne
1793 2240 2126 2317 mordeat.
2228 2234 2542 2312 Testudo

568 2397 733 2443 cum
759 2372 1069 2468 viperam
1103 2372 1582 2468 deuorauerit‚
1633 2402 1799 2449 mox
1829 2376 2024 2449 esitat
2067 2373 2380 2449 cunilam
2413 2375 2544 2445 bu·

568 2503 837 2577 hulam:
890 2524 1095 2603 atque
1114 2504 1257 2579 hoc
1286 2508 1734 2583 obseruatum
1767 2530 1888 2583 est.
1993 2506 2302 2596 Quidam
2329 2506 2542 2606 igitur

568 2664 734 2711 cum
760 2638 838 2711 id
866 2639 1335 2738 conspexisset
1348 2694 1369 2732 ,
1418 2664 1620 2741 saepe
1647 2642 1789 2716 hoc
1823 2667 1978 2715 eam
2005 2644 2234 2718 facere
2248 2698 2269 2736 ,
2299 2662 2374 2717 vt
2403 2668 2539 2739 gu-

566 2791 737 2843 stata
776 2774 1015 2848 cunila
1058 2773 1150 2847 ad
1182 2774 1498 2871 viperam
1528 2796 1858 2849 remearet
1875 2830 1896 2869 ‚
1947 2777 2322 2875 extirpauit
2361 2774 2532 2849 her-

478 2912 493 2929 ²
564 2904 744 2977 bam.
852 2904 1017 2991 Quo
1073 2908 1259 2981 facto
1312 2908 1584 2982 testudo
1644 2910 1923 2985 interiit,
2023 2910 2326 2985 Mustela
2375 2936 2536 2983 cum

562 3040 997 3135 serpentibus
1054 3060 1445 3139 pugnatura
1493 3041 1638 3117 edit
1687 3062 1949 3115 rutam:
2003 3044 2293 3119 infestus
2348 3044 2538 3120 enim

563 3170 711 3245 eius
762 3171 943 3246 odor
1002 3157 1451 3273 serpentibus.
1553 3177 1794 3251 Draco
1840 3178 1962 3254 vbi
2003 3180 2362 3256 fructuum
2411 3202 2536 3250 esu
2636 3274 2644 3283 ι

560 3326 912 3403 grauatur,
958 3306 1251 3403 picridis
1292 3334 1580 3383 succum
1631 3311 1907 3386 haurit:
1951 3314 2094 3389 hoc
2137 3312 2326 3387 enim
2361 3336 2534 3409 per-

558 3460 873 3536 spectum
904 3437 1061 3515 fuit.
1164 3441 1385 3517 Canes
1429 3441 1794 3519 lumbricis
1827 3446 2122 3521 infestati
2163 3444 2377 3517 tritici
2407 3467 2526 3513 se-

554 3588 783 3670 getem
827 3573 1313 3675 depascuntur.
1415 3575 1748 3653 Ciconiae
1785 3600 1988 3679 atque
2035 3604 2196 3656 aues
2237 3596 2522 3669 ceterae,

556 3709 858 3805 exceptis
886 3708 961 3783 in
991 3736 1225 3809 pugna
1243 3710 1672 3806 vulneribus,
1687 3712 1992 3789 cunilam
2017 3712 2360 3788 bubulam
2393 3709 2524 3783 im·

555 3861 845 3935 ponunt.
884 3840 1255 3941 [Cap..1x.
1288 3842 1696 3944 scaligero]
1713 3843 1930 3919 Multi
1966 3847 2175 3923 etiam
2199 3845 2524 3923 viderunt

554 3970 891 4049 locustam
922 3976 1274 4079 corripere
1296 3978 1484 4059 collo
1512 3999 1894 4079 serpentes,
1939 3982 2362 4082 quibuscum
2393 4006 2524 4079 pu·
