2917 4959
658 471 752 554 39
1258 464 2044 534 Ams-'ro'rnms

656 654 992 728 rationem
1028 645 1371 746 pertinent
1385 700 1406 739 ‚
1442 643 1874 720 disseramus,
1945 645 2099 723 Hae
2127 650 2315 724 enim
2341 651 2648 725 feminis·

655 747 979 864 omnibus
1023 778 1291 853 insunt:
1370 781 1448 852 in
1500 781 1809 876 maribus
1857 803 2090 856 autem
2139 787 2627 887 compluribus

652 921 875 1016 iisque
940 913 1265 987 diuersis·
1297 934 1614 987 constant
1671 915 2076 991 rationibus.
2184 919 2382 1007 Quae
2431 923 2626 995 enim

646 1051 985 1150 sanguine
1010 1069 1325 1123 constant
1352 1047 1680 1121 animalia
1695 1105 1716 1142 ,
1759 1051 2018 1150 partim
2047 1053 2334 1126 testibus
2361 1067 2658 1148 carent,·.

646 1187 903 1286 partim
936 1183 1196 1258 habent
1212 1239 1232 1278 ‚
1284 1180 1406 1256 sed
1458 1181 1664 1256 intus.
1769 1185 2006 1285 Atque
2037 1186 2298 1260 horum
2331 1187 2624 1287 quidem

645 1323 797 1396 aliis
816 1321 933 1394 siti
950 1341 1113 1394 sunt
1128 1315 1219 1390 ad
1246 1318 1525 1390 lumbos
1555 1320 1736 1391 circa
1763 1347 2014 1394 renum
2041 1323 2393 1419 regionem
2406 1320 2434 1416 ‚'
2465 1321 2626 1395 aliis

644 1481 811 1534 vero
846 1454 933 1530 ad
962 1473 1293 1530 ventrem.
1378 1449 1642 1522 Partim
1677 1451 1938 1526 hahent
1969 1477 2177 1536 extra.
2245 1454 2484 1556 Atque
2507 1456 2624 1528 his
2653 1507 2666 1516 -

548 1614 555 1622 ·
649 1589 939 1690 quidem
974 1585 1269 1684 genitale
1312 1583 1576 1683 partim
1605 1587 1830 1660 ventri
1865 1614 2247 1685 appensum
2277 1589 2626 1684 cohaeret‚'

644 1722 903 1824 partim
952 1717 1357 1792 demissum
1380 1739 1482 1791 est
1497 1773 1518 1811 ,
1610 1707 2202 1817 quemadmodum
2263 1743 2330 1794 et
2395 1744 2615 1796 testem

640 1856 847 1945 Quin
886 1853 1025 1928 alio
1072 1849 1351 1929 modo
1332 1852 1416 1923 iis
1433 1904 1455 1944 ‚
1509 1877 1687 1950 quae
1738 1875 2163 1949 antrorsum,
2215 1875 2284 1928 et
2322 1855 2524 1928 alio
2504 1857 2627 1952 iis,'

642 2017 823 2091 quae
868 2009 1248 2064 retrorsum
1282 1986 1558 2060 vrinam
1601 1981 1939 2088 reddunt,
2005 1989 2326 2063 cohaeret
2369 1993 2613 2066 ventri.

642 2126 955 2200 Piscium
981 2122 1195 2220 igitur
1218 2120 1401 2192 nulli
1422 2141 1627 2196 testes
1644 2179 1663 2216 ,
1718 2149 1940 2223 neque
1969 2123 2028 2196 si
2058 2123 2236 2222 quid
2267 2147 2617 2225 praeterea
2653 2163 2658 2168 ·

636 2256 1001 2332 branchiis
1032 2252 1426 2352 praeditum
1456 2277 1577 2328 est.
1683 2256 1890 2329 Caret
1909 2283 2198 2357 quoque
2217 2270 2621 2358 serpentum

638 2417 857 2489 genus
890 2388 1318 2462 vniuersum.
1386 2387 1704 2462 Omnino
1738 2415 1906 2469 vero
1943 2395 2326 2468 animantes
2351 2407 2620 2488 omnes·,'

639 2515 907 2628 quibus
948 2550 987 2594 a
1036 2543 1285 2595 natura
1328 2523 1541 2619 pedes
1590 2521 1736 2594 dati
1779 2549 1923 2596 non
1963 2517 2162 2617 sunt,
2213 2529 2349 2598 nisi
2381 2530 2440 2600 si
2473 2557 2616 2628 qua

542 2717 583 2762 2
641 2657 901 2735 animal
940 2658 1013 2732 in
1042 2681 1115 2730 se
1144 2654 1312 2754 ipsis
1342 2655 1768 2755 concipiunt.
1793 2704 1802 2715 ι
1834 2656 2030 2731 Aues
2058 2678 2290 2732 autem
2323 2663 2616 2736 testibus

636 2794 991 2894 praeditae
1044 2811 1240 2884 sunt,
1278 2788 1413 2868 sed
1460 2813 1579 2884 eos
1621 2791 1807 2864 intus
1849 2791 1939 2864 ad
1987 2793 2268 2865 lumbos
2313 2790 2612 2868 habent:

638 2923 1236 3026 quemadmodum
1276 2945 1342 2998 et
1373 2922 1861 3022 quadrupedes
1901 2953 2040 3000 oua
2060 2926 2410 3025 parientes
2423 2981 2443 3020 ,
2497 2929 2609 3000 la-

637 3081 822 3134 certa
838 3113 860 3154 ,
910 3057 1183 3133 testudo
1196 3113 1217 3150 ,
1256 3055 1686 3131 crocodilus:
1737 3081 1805 3132 et
1835 3061 2156 3134 intereas
2169 3117 2189 3157 ,
2242 3087 2421 3161 quae
2449 3062 2614 3136 ani-⁴

636 3196 779 3267 mal
806 3193 1135 3291 pariunt
1107 3247 1128 3286 ‚
1179 3192 1553 3266 erinaceus„
1662 3193 1941 3280 Quibus
1973 3215 2172 3270 testes
2206 3198 2395 3270 intus
2425 3209 2615 3324 εμπ,

636 3328 723 3430 ·is
750 3327 976 3401 ventri
1008 3327 1316 3420 haerent,
1334 3348 1411 3401 vt
1442 3327 1628 3402 inter.
1658 3353 1773 3422 ea,
1813 3353 1995 3426 quae
2021 3329 2321 3446 pedibus
2347 3341 2612 3424 carent,

636 3460 998 3560 delphino,
1042 3461 1221 3535 inter
1252 3459 1764 3561 quadrupedes»,
1803 3489 1982 3562 quae
2011 3464 2270 3536 animal
2289 3464 2611 3568 pariunt,

636 3591 1024 3696 elephanto,
1130 3594 1314 3668 Aliis
1360 3596 1437 3668 in
1479 3597 1714 3691 aperto
1763 3619 1942 3670 sunt.
2044 3597 2145 3670 At
2175 3625 2318 3698 quo
2362 3594 2610 3692 mod0,'

634 3755 920 3831 quoque
954 3728 1111 3802 loco
1159 3728 1308 3802 siue
1342 3727 1432 3804 ad
1473 3749 1782 3804 ventrem
1803 3731 1979 3804 :siue
2011 3701 2234 3832 prope
2249 3757 2427 3805 eum
2474 3758 2612 3830 ap-*

632 3864 831 3961 pensi
860 3861 999 3937 sint
1016 3918 1036 3957 ,
1072 3862 1216 3936 iam
1247 3860 1518 3935 dietum
1545 3882 1660 3934 est.
1693 3919 1701 3924 .
1729 3861 2175 3950 Quibusdam
2201 3867 2390 3942 enim
2421 3887 2606 3964 pone

635 3990 1375 4088 continenter-haerent
1388 4047 1411 4092 ‚
1450 4019 1612 4071 non·
1627 3994 1962 4100 pendent,
2005 3999 2604 4104 quemadmodum
