2917 4959
590 467 737 537 540
1212 460 1954 528 ARISTOTELIS

494 641 501 650 ’
589 671 751 724 cute
794 667 999 746 atque
1036 644 1375 717 insufflata
1388 698 1411 738 ,
1479 671 1558 716 ac
1603 640 1860 716 deinde
1899 643 2158 741 pabulo
2203 647 2554 744 apposito:

594 786 765 860 itern‘
790 778 1059 855 hordeo
1084 779 1195 856 vel
1226 777 1493 876 integro
1521 779 1628 852 vel
1659 777 1950 876 pinsito:
1979 799 2329 876 praeterea
2356 783 2564 854 rebus

592 917 917 992 dulcibus
932 969 955 1007 ,
1016 911 1412 986 cuiusmodi
1442 931 1605 986 sunt
1634 913 1808 985 ficus
1841 933 1906 984 et
1933 937 2152 987 vuae:
2199 935 2268 986 et
2297 915 2467 989 vino
2495 935 2564 989 et

592 1050 765 1128 vlmi
798 1046 1008 1124 foliis.
1108 1045 1253 1122 Sed
1280 1046 1584 1120 maxime
1623 1045 1770 1119 sole
1795 1065 1866 1118 et
1893 1046 2160 1121 lotione
2191 1076 2410 1150 aquae
2439 1078 2565 1124 ca—

592 1183 794 1261 lidae.
862 1181 1285 1258 Vitulomm
1328 1207 1594 1255 cornua
1635 1205 1790 1254 cera
1823 1182 2154 1280 tepefacta
2185 1182 2564 1278 ducuntur,

596 1345 957 1421 quoi-suni-
986 1317 1148 1415 quis
1189 1314 1394 1392 velit:
1471 1338 1542 1390 et
1579 1313 1790 1415 pedes
1831 1314 2066 1388 minus
2105 1314 2402 1392 dolitant
2415 1373 2436 1411 ‚
2508 1319 2567 1390 si

600 1481 866 1529 cornua
894 1453 1309 1549 (vngulae)
1352 1477 1510 1524 cera
1539 1473 1656 1524 aut
1687 1453 1841 1550 pice
1889 1471 2010 1522 aut
2039 1451 2202 1527 oleo
2233 1441 2570 1526 ’oblinan-

506 1619 546 1662 ε
607 1609 741 1663 tur.
842 1586 1199 1660 Laborant
1246 1607 1553 1660 armenta
1599 1585 1817 1684 magis
1861 1585 2116 1682 pruina
2153 1611 2366 1684 quam
2405 1587 2572 1660 niue

606 1723 908 1798 excitata.
936 1723 1144 1820 (dum
1180 1721 1349 1790 loca
1379 1721 1732 1810 mutant.)
1755 1719 2115 1812 Crescunt,
2147 1747 2312 1794 cum
2333 1721 2567 1818 plures

609 1883 830 1932 annos
860 1855 1133 1931 veneris
1160 1865 1472 1954 expertes
1505 1857 1662 1928 sim„
1763 1849 2039 1929 Idcirco
2059 1853 2388 1954 Epirotae
2417 1879 2575 1929 vac-

612 2020 727 2066 cas
772 2017 947 2090 quas
990 1973 1241 2066 vocent
1268 1985 1642 2091 Pyrrhieas
1683 2016 1897 2063 annos
1931 2015 2188 2064 nouem
2231 1989 2422 2062 coi-tu
2455 2017 2578 2060 ar·-

616 2125 863 2203 cendas
952 2147 1194 2198 euram
1208 2179 1229 2218 ,
1294 2144 1371 2199 vt
1430 2144 1770 2196 crescant:
1867 2147 2134 2198 atam-as
2200 2123 2570 2225 appellant,

622 2263 850 2334 Aiunt
894 2287 1007 2332 eas
1040 2285 1183 2334 esse
1216 2285 1511 2333 numero
1545 2259 1815 2332 circiter
1849 2256 2416 2358 quadi-ingenuis,
2461 2285 2582 2331 re-

615 2423 785 2493 gum
810 2393 1225 2493 peculiares:
1271 2393 1425 2464 aliis
1456 2396 1628 2466 locis
1662 2393 1899 2471 viuere
1920 2420 2068 2468 non
2091 2419 2298 2492 posse
2315 2447 2336 2486 ,
2389 2396 2582 2466 mul-

621 2550 855 2608 torum
888 2524 1375 2626 experimento.

778 2769 839 2842 C
868 2767 938 2840 A
965 2766 1040 2840 P.
1109 2767 1205 2839 X.
1276 2764 1528 2865 (vulgo
1595 2763 1793 2841 VIII.
1857 2765 2204 2868 Scaligero
2267 2767 2431 2861 xl.)

775 2919 963 3032 Equi
976 2975 1025 3024 ,g
1045 2931 1227 3006 muli
1242 2989 1263 3027 ,
1320 2933 1495 3008 asini
1541 2936 1774 3009 fructu
1805 2957 2011 3035 atque
2043 2937 2263 3010 herba
2291 2962 2586 3013 vescun-

627 3091 761 3140 tur.
866 3065 1048 3140 Potu
1096 3069 1393 3144 maxime
1442 3070 1919 3168 pinguescunt.
2024 3070 2213 3146 Nam
2261 3043 2590 3161 iumeutzi,

628 3223 702 3278 vt
740 3203 1080 3301 cuiusque
1110 3229 1269 3276 vsus
1312 3227 1532 3302 aquae
1571 3205 1918 3297 euenerit‚
1965 3209 2060 3280 ita
2092 3205 2180 3280 ad
2218 3206 2594 3282 fruendum

630 3336 891 3436 pabulo
917 3337 1335 3430 afficiuntur,
1380 3357 1448 3409 et
1477 3359 1554 3412 vt
1583 3367 1828 3413 eorum
1855 3340 2187 3440 quodque
2211 3341 2448 3414 minus
2478 3339 2601 3412 de-

632 3492 872 3546 trectat
900 3491 1149 3570 potum
1163 3526 1184 3564 ,
1214 3474 1307 3545 ita
1337 3473 1774 3550 commodius
1809 3475 2208 3576 pinguescit.
2293 3473 2596 3570 Farrago

634 3605 921 3710 grauida
952 3602 1187 3679 adhuc
1218 3606 1371 3704 pilo
1418 3607 1725 3682 laeuiore
1755 3608 2096 3708 (densiore
2146 3601 2292 3677 dlii
2331 3607 2594 3705 codd.)

634 3765 708 3816 vt
738 3741 875 3816 sint
904 3740 1144 3814 efficit:
1194 3761 1264 3813 at
1298 3768 1461 3816 cum
1491 3746 1626 3818 erit
1669 3743 1890 3818 aristis
1921 3741 2334 3818 durioribus
2356 3798 2377 3837 ,
2429 3739 2600 3816 iuu-

636 3877 779 3948 tilis
838 3897 956 3949 est.
1057 3872 1330 3948 Hei-bae
1394 3873 1711 3952 Medieae
1759 3906 1923 3951 cum
1969 3901 2070 3952 est
2111 3879 2341 3978 prima
2385 3903 2596 3976 seges,

632 4009 901 4106 (salx)
928 4009 1129 4105 mala,
1181 4031 1355 4105 tum,
1408 4012 1468 4085 si
1501 4041 1678 4115 aqua
1705 4013 1992 4112 putrida
2007 4015 2364 4116 irrigetur,
2417 4015 2597 4088 male
