2917 4959
677 494 820 565 DE
870 492 1360 567 ANIMAL.
1414 492 1697 563 HIST.
1748 497 1874 568 VI.
1936 518 2046 567 10.
2200 494 2343 593 249

373 680 454 753 fit
501 676 770 752 catulus
831 694 1164 779 sup'er‘ne,
1245 706 1408 751 cum
1468 678 1609 750 iam
1645 672 2059 754 'absolutum
2117 682 2351 755 fuerit:

371 810 754 901 Quomodo
787 812 996 886 etiam
1022 813 1266 913 vulpes
1301 832 1735 910 generantur.
1808 813 1894 886 In
1926 813 2161 888 medio
2192 844 2377 887 ma-·
2406 805 2449 867 5
2492 826 2499 835 '

365 940 624 1022 tricum
665 975 803 1022 oua
842 948 1204 1021 continent
1249 942 1477 1022 laeues
1514 946 1793 1021 musteli
1808 1000 1831 1040 ,
1882 946 2353 1048 quemadmo-

364 1082 538 1190 dum
564 1104 632 1157 et
651 1082 1038 1182 caniculae:
1072 1082 1194 1155 vbi
1216 1108 1384 1155 vero
1405 1082 1937 1175 circumstetere,
1970 1085 2043 1156 in
2074 1106 2355 1160 Vtrum-

364 1242 506 1315 que
551 1215 866 1289 matricis
911 1215 1146 1287 sinum
1199 1212 1663 1305 descendunt,
1734 1234 1801 1285 et
1840 1216 2148 1291 euadunt
2194 1221 2353 1292 ani-
2398 1254 2403 1257 ·
2450 1216 2459 1225 ’

363 1350 577 1422 mulia
630 1375 897 1423 annexa
943 1374 1066 1446 per
1105 1346 1519 1423 vmhilicum
1563 1346 1651 1418 ad
1693 1348 2089 1443 matricem,
2141 1354 2233 1425 ita
2278 1378 2357 1427 vt

371 1480 711 1557 absumtis
761 1480 914 1553 ouis
949 1508 1095 1553 non
1145 1481 1284 1555 alio
1333 1478 1548 1585 modo
1600 1474 1815 1580 quam
1867 1483 2355 1584 quadrupedes

368 1613 632 1688 hahere
661 1616 884 1688 foetus
913 1612 1310 1713 videantur..
1401 1611 1741 1688 Annexus
1775 1637 1875 1689 est
1906 1619 2157 1715 longus
2192 1648 2359 1693 vm-

363 1750 620 1823 bilicus
655 1748 744 1822 ad
774 1748 1080 1822 matricis
1110 1770 1379 1847 partem
1416 1749 1819 1824 inferiorem
1838 1804 1857 1841 ‚
1875 1755 2359 1853 vuusquisque

367 1905 703 1985 tanquam
735 1900 1078 1983 appensus
1105 1884 1489 1975 acetabulo,
1540 1903 1609 1957 et
1644 1883 1734 1955 ad
1760 1885 1987 1957 foetus
2014 1886 2355 1983 medium,

323 2096 329 2103 ,
369 2046 508 2119 qua
539 2020 736 2093 ieeur
763 2018 992 2093 habet.
1100 2017 1336 2104 Quem
1359 2017 1418 2087 si
1449 2042 1669 2110 seces,
1726 2016 1913 2087 intus
1945 2018 2359 2095 alimentum

367 2154 569 2254 quasi
599 2182 682 2228 ex
715 2181 858 2230 ouo
873 2148 1375 2251 deprehendaS,
1407 2152 1615 2228 etiam
1633 2178 1797 2223 eum
1816 2152 2122 2250 amplius
2139 2181 2361 2228 ouum

366 2314 516 2361 non
559 2306 679 2360 est.
785 2286 1120 2358 Ceterum
1163 2284 1507 2359 secundae
1552 2272 2171 2385 membranaeque,
2236 2314 2363 2361 sua

365 2422 628 2521 cuique
653 2418 899 2515 fo'etui,
933 2446 1130 2493 more
1157 2416 1717 2520 quadrupedum.
1798 2424 1858 2497 F
1858 2444 2053 2497 oetus
2086 2450 2213 2521 per
2238 2420 2359 2498 in-
2416 2424 2469 2483 Β

369 2557 492 2669 itia
521 2578 730 2655 caput
768 2556 842 2628 in
883 2553 1242 2653 superiore
1271 2554 1487 2630 hahet
1524 2576 1757 2658 parte:
1814 2556 2095 2631 adultus
2128 2556 2358 2632 autem

369 2710 582 2790 atque
621 2682 993 2789 perfectus
1023 2689 1394 2800 deuexum:
1495 2694 1583 2765 In
1626 2695 1828 2765 laeua
1872 2720 2097 2767 mares
2144 2718 2361 2789 gene-

371 2846 638 2928 rantur,
669 2821 757 2902 in'
780 2826 1022 2901 dextra
1051 2825 1385 2900 feminae:
1438 2825 1612 2926 quin
1646 2824 1885 2899 eadem
1916 2824 1993 2898 in
2028 2846 2224 2924 parte
2256 2824 2363 2897 si-

371 2964 528 3036 mul
577 2986 734 3037 tum
775 2964 1035 3039 femina
1062 2978 1234 3035 ‘tum
1275 2986 1440 3032 mas,
1488 3004 1495 3013 ·
1542 2962 1857 3036 Disseeto
1904 2962 2131 3053 foetu,
2186 2982 2363 3059 quot

373 3092 591 3169 habet
621 3098 919 3193 viscera,
971 3128 1048 3173 ea
1079 3124 1327 3195 magna
1369 3117 1567 3192 sunt,
1619 3118 1790 3196 puta
1822 3097 2035 3187 iecur,
2086 3116 2154 3167 et
2182 3122 2363 3193 quae

377 3232 786 3330 sanguinem
811 3234 1198 3325 continent,
1235 3234 1414 3305 sieut
1438 3232 1516 3304 in
1543 3226 2141 3332 quadrupedibuS.'
2190 3229 2365 3302 Om-

377 3392 501 3440 nes
545 3366 969 3465 eartilaginei
1003 3367 1224 3466 pisces
1269 3364 1519 3442 eodem
1551 3360 1863 3465 tempore
1894 3387 1962 3439 et
1992 3366 2369 3465 ‘superiore

375 3522 572 3601 parte
616 3503 706 3576 ad
753 3474 1307 3605 praeeineturam
1339 3530 1472 3577 oua
1512 3494 1877 3576 continenti
1904 3528 2071 3575 cum
2100 3499 2369 3572 maiora

381 3658 534 3710 tum
563 3610 838 3713 minora
859 3632 1104 3731 multa,
1141 3658 1207 3710 et
1237 3637 1575 3731 inferiore
1600 3636 1741 3711 iam
1770 3637 2089 3711 exclusos
2116 3632 2363 3706 foetus.

385 3770 551 3856 Quo
593 3774 674 3843 fit
689 3826 710 3864 ,
759 3794 836 3846 vt
869 3771 1360 3847 huiuscemodi
1404 3775 1627 3872 pisces
1662 3770 1909 3848 crediti
1948 3769 2086 3841 sint
2120 3766 2369 3841 eodem

385 3920 622 3976 mense
653 3930 854 4002 saepe
879 3927 946 3978 et
973 3934 1214 4005 parere
1245 3930 1312 3983 et
1335 3908 1549 4003 coire,
1599 3922 1973 4008 propterea·
1998 3900 2195 3999 quod
2220 3919 2367 3974 no'n

388 4038 630 4114 omnia
657 4039 869 4113 simul
899 4038 1116 4115 edunt
1130 4097 1151 4136 ‚
1205 4042 1328 4115 sed
1342 4027 1845 4142 'saepenumero
1882 4064 1963 4112 ae
1984 4034 2133 4143 diu.
2236 4038 2367 4111 In·-
