2917 4959
704 429 855 498 DE
922 423 1405 524 ANIMAL.
1471 405 1754 499 ms'l't
1807 431 1858 501 1.
1912 435 1978 502 5.
2235 457 2321 530 17

324 611 757 689 ‘volatilium
826 632 1063 684 autem
1136 610 1273 683 alia
1323 611 1574 710 pennis
1623 613 1936 710 praedita
1986 639 2180 712 sunt,
2243 643 2314 700 vt
2371 645 2414 704 4

326 747 563 846 aquila
617 767 686 820 et
736 747 1103 846 accipiter:
1186 748 1323 818 alia
1376 772 1618 820 earum
1671 750 1828 823 loco
1876 755 2312 830 membranas

320 879 620 976 habent,
676 902 751 968 vt
794 882 947 980 apis
992 903 1061 955 et
1108 883 1546 954 scarabaeus:
1599 883 2056 968 (melolontha
2077 895 2127 971 z)
2169 889 2310 967 alia

318 1015 597 1088 corium
618 1015 920 1109 habent,
956 1037 1033 1092 vt
1066 1017 1309 1114 vulpes
1340 1036 1407 1088 et
1434 1015 1888 1112 vei-sperulio.
1959 1019 2138 1094 Sunt
2165 1050 2302 1098 au·-

314 1168 457 1222 tem
490 1171 637 1224 tam
653 1154 941 1250 pinnata
955 1208 976 1245 ‚
1023 1178 1239 1250 quam
1268 1175 1448 1248 quae
1475 1147 1802 1222 coriaceis
1828 1173 2118 1228 Vtuntur
2143 1158 2298 1253 alis,'

310 1284 736 1382 sanguinea:
800 1311 981 1383 quae
1026 1305 1263 1358 autem
1308 1282 1708 1356 membrana
1750 1285 2021 1380 volant,
2073 1317 2292 1368 exan-

314 1419 487 1513 guia
504 1473 526 1510 ‚
562 1437 637 1492 vt
666 1417 939 1490 insecta.
1010 1418 1185 1491 Tam
1210 1445 1285 1490 ea
1316 1395 1528 1509 vei-03¹
1556 1442 1738 1514 quae
1767 1417 2038 1516 pinnis,
2075 1452 2290 1524 quam

314 1576 499 1648 quae
529 1553 723 1625 corio
753 1554 1024 1646 volant,
1078 1553 1199 1624 aut
1221 1551 1427 1624 binos
1450 1523 1658 1650 pedes
1687 1549 1946 1626 habent
1971 1577 2090 1630 aut
2117 1562 2288 1632 nul-

307 1683 447 1756 los:
500 1685 701 1758 aiunt
734 1690 923 1761 enim
964 1689 1039 1762 in
1072 1709 1255 1761 terra
1293 1682 1676 1784 Aethiopia
1712 1709 2056 1786 serpentes
2089 1691 2282 1766 eius-

304 1815 507 1890 modi
538 1845 701 1892 esse.
767 1819 1147 1894 Pinnatum
1175 1847 1339 1918 ergo
1366 1845 1584 1918 genus
1609 1819 1760 1892 auis
1790 1843 2103 1897 vocatur:
2157 1853 2274 1900 re-
2335 1851 2377 1916 5

302 1951 502 2048 liqua
538 1952 679 2026 duo
708 1979 957 2051 genera
983 1957 1273 2030 vnicum
1301 1982 1556 2029 nomen
1575 2008 1598 2046 ‚
1637 1981 1781 2053 quo
1817 1958 2274 2056 appellentur,

296 2113 447 2160 ‘non
473 2087 752 2160 habent.
860 2089 1059 2176 Quae
1084 2091 1327 2166 volant
1356 2108 1424 2160 et
1459 2109 1697 2160 carent
1724 2091 2089 2188 sanguine,
2144 2121 2272 2170 eo-

304 2247 468 2292 rum
499 2224 649 2294 alae
674 2224 935 2319 partim
956 2223 1206 2318 vagina
1231 2241 1590 2320 teguntur3
1625 2247 1738 2294 eas
1759 2223 2110 2318 siquidem
2138 2230 2273 2300 sub

304 2354 615 2450 tegmine
638 2353 899 2428 habent
914 2409 935 2448 ,
974 2355 1189 2430 veluti
1222 2355 1562 2428 scarabaei
1592 2355 2116 2453 (melolonthae)
2148 2362 2270 2460 pi-

299 2487 537 2562 lularii
568 2511 633 2562 et
662 2489 993 2564 canthari.
1061 2489 1243 2562 Aliis
1274 2491 1554 2564 nullum
1595 2509 1865 2588 tegmen
1895 2513 2024 2564 est:
2077 2523 2266 2594 quo-

298 2651 457 2694 rum
504 2625 851 2722 quaedam
892 2626 1079 2697 binis
1132 2624 1259 2694 alis
1312 2621 1624 2721 praedita
1673 2646 1868 2717 sunt,
1919 2627 2266 2725 quaedam

292 2758 665 2853 quaternis,
745 2759 1133 2844 Quaternas
1166 2758 1430 2832 habent
1460 2759 1602 2830 alas
1617 2811 1639 2850 ,
1690 2778 1810 2830 aut
1841 2785 2020 2856 quae
2049 2788 2260 2859 prae-

290 2909 473 2962 stant
502 2890 983 2989 magnitudine
996 2947 1019 2983 ‚
1069 2913 1189 2964 aut
1218 2919 1397 2991 quae
1424 2913 1770 2991 postrema
1801 2893 1874 2964 in
1910 2917 2102 2992 parte
2129 2923 2255 2994 ge-

294 3046 456 3098 runt
488 3029 844 3100 aculeum:
896 3029 1095 3101 binas
1132 3049 1363 3102 autem
1400 3046 1703 3118 tantum,
1757 3051 1936 3124 quae
1963 3049 2082 3102 aut
2108 3031 2256 3104 mi-

291 3183 471 3230 nora
496 3182 685 3252 sunt,
724 3183 841 3234 aut
870 3163 1185 3254 aculeum
1210 3163 1286 3236 in
1314 3159 1776 3236 anterioribus
1809 3184 2058 3257 gerunt
2081 3192 2252 3264 par-

290 3293 495 3366 tibus.
606 3295 883 3381 Quibus
911 3323 1073 3370 vero
1108 3299 1259 3370 alae
1288 3296 1552 3395 vaginis
1585 3296 1894 3368 munitae
1923 3317 2116 3388 sunt,
2170 3325 2250 3372 ea

284 3430 563 3502 nullum
574 3429 841 3503 habent
866 3432 1215 3504 aculeum:
1246 3452 1315 3505 at
1340 3459 1520 3530 quae
1537 3431 1720 3504 binis
1754 3431 2071 3504 feruntur
2095 3430 2246 3524 alis,

281 3565 519 3638 aculeo
570 3587 829 3638 armata
870 3583 1038 3637 sunt
1072 3565 1149 3638 in
1196 3585 1390 3663 parte
1442 3566 1782 3638 anteriore
1795 3618 1816 3657 ,
1867 3585 1942 3637 vt
1984 3589 2244 3658 musca,

283 3698 603 3791 tabanus,
654 3697 992 3802 (myops)
1050 3698 1299 3790 asilus,
1349 3699 1574 3772 culex.
1605 3697 1940 3796 (empiS.)
1994 3697 2241 3794 Quae-
2305 3717 2348 3780 6

279 3857 565 3930 cunque
595 3855 823 3908 autem
858 3853 1092 3910 carent
1141 3833 1474 3932 sanguine
1488 3888 1509 3927 ,
1561 3861 1639 3906 ea
1677 3831 2071 3930 sanguineis
2103 3826 2247 3928 mi·-

276 3991 451 4040 nora
488 3988 682 4059 sunt,
734 3991 1003 4067 praeter
1028 3997 1247 4068 pauca
1268 3971 1570 4062 marina3
1608 3943 2000 4040 cuiusmodi
2027 3985 2248 4064 quae-

1456 4101 1518 4171 B
1571 4099 1580 4108 .
