2917 4959
616 483 761 554 DE
824 479 1307 554 ANIMAL.
1365 480 1653 550 HIST.
1699 481 1826 550 IX.
1879 483 1996 555 26.
2157 487 2302 556 425

338 665 558 758 Quod
602 665 869 767 siquid
906 665 1163 741 interea
1209 661 1532 740 inciderit
1547 718 1570 758 ,
1619 664 1930 764 primum
1960 667 2012 739 it
2044 665 2120 741 in
2151 693 2306 742 me-
2363 682 2404 742 5

335 783 577 894 diuus,
631 822 839 901 atque
868 829 952 876 ex
982 828 1067 875 eo
1094 801 1295 892 loco,
1346 797 1528 870 sicut
1561 820 1758 873 antea
1792 795 2076 896 fecerat,
2129 801 2308 878 redit

312 935 429 1010 ·ad
472 931 548 1013 id
562 989 584 1030 ,
636 932 830 1036 quod
876 932 1141 1038 incidit.
1244 930 1466 1021 Quod
1509 931 1575 1004 si
1595 933 1756 1032 quis
1793 935 2112 1010 lacerarit
2141 957 2312 1041 rete²

334 1068 435 1150 de,
454 1070 721 1170 integro
762 1069 1013 1168 incipit
1042 1087 1271 1140 texere
1300 1063 1660 1140 occidente
1689 1068 1836 1140 sole
1861 1089 1982 1142 aut
2019 1071 2308 1166 oriente,

334 1225 706 1303 propterea
746 1199 944 1301 quod
972 1227 1101 1300 per
1140 1199 1315 1274 haec
1344 1219 1660 1299 tempora
1691 1199 1998 1276 incidere
2029 1204 2316 1302 potissi-
2359 1279 2368 1288 ,

330 1361 537 1412 mum
576 1337 843 1410 soleant
876 1333 1224 1410 bestiolae.
1328 1334 1686 1434 Operatur
1731 1335 2038 1411 foemina
2079 1365 2160 1412 ac
2186 1367 2316 1417 ve·-

336 1491 581 1562 natur:
633 1494 781 1544 mas
808 1487 1039 1544 autem
1066 1495 1356 1568 quoque
1384 1467 1648 1542 fruitur
1675 1468 1912 1568 partis.
1980 1470 2310 1550 Araneo-
2375 1474 2416 1535 6

340 1632 506 1680 rum
544 1569 1101 1704 eligendorum,
1164 1601 1291 1702 qui
1339 1602 1554 1678 talam
1593 1603 1992 1703 spissiorem
2033 1628 2276 1682 texunt
2291 1621 2318 1705 ,'
2409 1701 2414 1712 Ι

340 1736 487 1820 duo
530 1761 695 1814 sunt
735 1765 1015 1838 genera:
1068 1739 1365 1812 alterum
1408 1737 1636 1812 maius
1649 1791 1672 1830 ,
1724 1740 2022 1814 alterum
2059 1735 2318 1818 minus.
2363 1829 2368 1836 ¹

336 1872 815 1974 Longiorihus
864 1872 1189 1948 cruribus
1230 1869 1588 1971 praeditus
1627 1871 1771 1947 imo
1813 1899 1898 1946 ex
1943 1875 2104 1950 loco
2137 1903 2319 1973 pen-

339 2004 555 2080 dulus
602 2007 961 2103 obseruat,
1012 2035 1101 2082 ne
1141 2007 1548 2108 perterritae
1591 2005 1927 2082 botiolae
1967 2031 2316 2105 metuant,

338 2139 465 2222 sed
506 2169 809 2243 superne
842 2144 1261 2219 irretiantur.
1342 2141 1632 2243 Quippe
1657 2169 1822 2216 cum
1847 2143 1936 2217 sit
1965 2142 2319 2242 grandior,

340 2273 575 2348 minus
609 2277 981 2354 commode
1006 2278 1219 2352 latere
1250 2296 1496 2390 potest.
1563 2275 1666 2351 At
1691 2275 1814 2350 ille
1839 2277 2012 2350 alter
2041 2275 2323 2352 medio-

340 2408 529 2484 clrior
557 2409 635 2488 in
662 2413 1023 2514 superiore
1046 2411 1341 2490 excubat
1364 2411 1527 2486 loco
1542 2464 1565 2505 ‚
1614 2408 1874 2486 abdens
1901 2437 2048 2488 sese
2073 2411 2152 2485 in
2179 2411 2325 2484 exi-

340 2569 481 2640 guo
542 2547 747 2620 telae·
781 2547 1143 2624 foramine.
1208 2547 1544 2621 .Possunt
1593 2547 1828 2621 aranei
1885 2544 2118 2620 statim
2173 2544 2318 2618 nati
2383 2563 2422 2627 7
2455 2595 2470 2606 -

264 2655 273 2668 .
342 2679 655 2755 emittere
698 2681 933 2758 telam.
1028 2681 1281 2782 Neque
1327 2681 1520 2754 enim
1565 2677 1918 2778 egreditur
1947 2675 2148 2777 quasi
2195 2703 2326 2751 ex*
2369 2751 2376 2758 ,

339 2837 773 2896 crementum
787 2870 810 2911 ‚
864 2837 941 2892 vt
985 2813 1083 2888 ait
1123 2811 1570 2888 Democritus
1584 2866 1608 2907 ,
1660 2809 1784 2890 sed
1832 2808 1922 2886 de
1961 2809 2116 2910 ipso
2155 2837 2325 2905 eor·-

340 2973 517 3046 pore
530 3003 552 3041 ,
603 2947 1203 3050 quemadmodum
1246 2968 1492 3047 cortex
1507 3001 1530 3040 ‚
1581 2967 1652 3022 et
1687 2947 1868 3021 sieut
1905 2973 2088 3046 quae
2125 2947 2327 3021 iacu-

343 3083 581 3164 lantur
622 3083 846 3180 pilos:
898 3085 1137 3184 quales
1180 3105 1343 3160 sunt
1376 3083 1736 3186 hystrices.
1838 3079 2186 3156 Adseritur
2215 3103 2328 3156 et-

343 3215 489 3289 iam
550 3236 622 3290 et
668 3215 959 3292 obducit
1004 3221 1267 3308 maiora
1324 3217 1677 3296 animalia.
1777 3218 1853 3295 N
1853 3245 1970 3292 am
2007 3219 2327 3293 minores
2363 3271 2372 3278 ·

348 3377 637 3452 quoque
680 3353 1043 3442 lacertulas
1094 3353 1399 3449 inuadit:
1476 3363 1558 3429 et'
1603 3355 1876 3429 circum
1919 3335 2330 3430 lacertulam

348 3487 597 3562 emissa
612 3553 625 3584 f
639 3489 759 3562 fila
804 3488 1030 3564 iniieit
1045 3543 1068 3582 ,
1138 3486 1359 3564 donec
1400 3491 1654 3566 buccas
1703 3487 2330 3591 comprehenderit.

351 3619 543 3712 Tum
569 3649 735 3700 vero
764 3621 1097 3704 accedens
1124 3623 1419 3704 mordet.
1523 3627 1879 3706 Hactenus
1909 3623 2000 3700 de
2023 3621 2138 3700 his
2169 3619 2332 3700 ani-
