2917 4959
634 493 777 560 DE
842 485 1317 558 ANIMAL.
1382 487 1664 557 HIST.
1711 487 1871 557 VII.
1923 511 1984 558 1.
2155 515 2294 590 29¹7

339 703 499 754 rum
528 701 741 776 quam
770 673 1127 750 virorum:
1160 690 1229 743 et
1252 667 1610 767 virginalis
1639 671 1868 746 fistula
1887 701 2102 774 quam
2129 703 2302 778 pue-

340 813 485 888 rilis
530 810 815 884 acutior.
914 808 1364 884 Potissimum
1394 823 1626 878 autem
1653 827 1808 882 tum
1835 833 2034 907 egent
2063 837 2304 889 custo-
2360 809 2403 868 4

340 945 489 1020 dia:
542 943 1141 1021 vehementissime
1190 940 1377 1014 enim
1408 939 1486 1012 in
1511 961 1722 1042 ,vsum
1755 949 2024 1020 veneris
2063 950 2306 1023 solici-

349 1101 581 1157 tantur
612 1079 751 1152 illis
777 1076 1295 1174 incipientibus.
1342 1071 1560 1158 Quod
1589 1073 1646 1146 si
1679 1077 1872 1150 nulla
1897 1084 2318 1160 verecundia

330 1215 495 1315 plus
526 1231 857 1286 moueant
892 1235 1209 1308 corpora,
1250 1231 1466 1305 quam
1495 1227 1840 1303 quantum
1871 1237 1956 1286 ex
1983 1216 2308 1295 imitatio·-

334 1375 427 1422 ne
468 1321 890 1438 afficiuntur,
958 1344 1045 1416 iis
1059 1396 1085 1434 ,
1134 1340 1261 1439 qui
1307 1338 1648 1414 abstinent
1687 1369 1934 1420 venere
1948 1402 1970 1440 ,
2019 1335 2308 1429 transire

338 1479 707 1558 consueuit
738 1478 814 1553 id
857 1479 931 1552 in
962 1495 1322 1576 sequentes
1363 1496 1628 1552 aetates.
1729 1477 2309 1562 Adolescentulae

338 1642 641 1715 namque
676 1612 1009 1689 exercitae
1046 1637 1257 1712 opere
1298 1637 1594 1686 venereo
1628 1612 1932 1689 euadunt
1965 1617 2312 1718 intempe-

338 1749 689 1859 rantiores.
792 1748 1115 1846 Itemque
1162 1772 1421 1836 mares,
1471 1744 1530 1818 si
1579 1747 1982 1824 incustoditi
2035 1751 2304 1852 degant.

336 1885 413 1961 N
416 1909 667 1983 amque
696 1903 765 1956 et
790 1901 1055 1958 meatus
1083 1882 1511 1980 aperiuntur,
1559 1903 1628 1954 et
1655 1911 1780 1982 per
1811 1911 1928 1958 eos
1959 1890 2072 1977 fit,
2107 1909 2183 1963 vt
2212 1889 2309 1962 fa·

340 2022 475 2098 nile
526 2019 877 2122 permittat
902 2043 1179 2116 -eorpus
1225 2019 1443 2091 fluere
1487 2015 1896 2111 humorem3
1962 2019 2312 2119 simulque

341 2153 727 2230 recordatio
772 2156 923 2226 eius
940 2207 961 2245 ,
1017 2178 1199 2250 quae
1228 2152 1403 2226 olim
1435 2153 1906 2250 contingebat,
1940 2154 2314 2251 voluptatis

342 2287 435 2364 ad
462 2289 653 2362 illius
676 2287 1009 2384 temporis
1034 2287 1299 2360 coitum
1326 2289 1578 2360 excitat
1602 2286 2080 2386 appetentiam.
2126 2287 2308 2362 Sunt
2371 2281 2410 2343 ⁵

346 2421 637 2522 quidam
664 2420 987 2518 impubes
1014 2437 1083 2492 et
1110 2419 1371 2494 steriles
1404 2452 1441 2494 a
1474 2423 1946 2520 generatione,
1999 2443 2312 2524 propter·
2347 2413 2352 2418 ⁵

346 2585 425 2632 ea
454 2553 649 2656 quod
678 2553 1215 2652 genitalis-locus
1244 2553 1664 2655 deprauatus
1702 2557 1856 2631 fuit.
1959 2558 2079 2632 Sic
2107 2559 2316 2632 etiam

343 2689 669 2766 foeminis
710 2687 1133 2786 quibusdam
1179 2691 1373 2763 nulla
1406 2718 1716 2788 vnquam
1765 2693 1985 2787 pubes
2023 2689 2248 2764 oritur
2277 2717 2318 2764 a

345 2827 801 2928 generatione.
866 2821 1151 2896 Mutant
1176 2843 1405 2898 autem
1430 2843 1498 2896 et
1517 2821 1966 2899 habitudines
1993 2843 2136 2896 tam
2165 2849 2323 2894 ma·-

350 2989 457 3037 res
491 2987 709 3060 quam
746 2958 1126 3052 foeminae,
1176 2984 1325 3058 quo
1373 2959 1484 3033 vel
1531 2957 1608 3034 in
1657 2985 2076 3058 prosperam.
2100 2957 2210 3031 vel
2244 2957 2321 3030 in

352 3095 717 3170 aduersam
744 3090 1211 3166 valetudinem
1238 3094 1731 3192 propensiores
1753 3093 1910 3168 sint.
2007 3093 2100 3166 Et
2127 3089 2326 3191 quod.

354 3229 443 3305 ad
490 3225 993 3325 corpulentiam
1040 3225 1275 3300 attinet
1290 3283 1311 3320 ,
1362 3230 1760 3327 graciliores
1803 3249 1923 3302 aut
1963 3227 2327 3302 crassiores

354 3382 473 3438 aut
506 3358 909 3434 habitiores.
1008 3357 1197 3434 Nam
1226 3383 1385 3458 post
1412 3365 1676 3460 pubem
1691 3363 2032 3438 nonnulli
2063 3391 2145 3438 ex
2175 3389 2326 3458 gra-

354 3497 611 3570 cilibus
636 3497 823 3568 fiunt
851 3493 1061 3568 crassi
1090 3513 1303 3593 atque,
1328 3498 1654 3574 saniores.
1705 3497 1856 3572 Alii
1887 3527 1928 3572 e
1953 3495 2330 3572 contrario.

352 3630 627 3704 Similis
690 3649 982 3704 euentus
1048 3650 1121 3702 et
1150 3677 1155 3682 -
1185 3628 1257 3702 in
1305 3629 1709 3729 virginibus.
1814 3633 2092 3720 Quotus
2140 3628 2328 3704 enim

360 3763 659 3860 quisque
702 3764 813 3838 vel
852 3789 1027 3860 puer
1060 3763 1173 3840 vel
1218 3761 1417 3864 virgo
1467 3766 1542 3838 in
1587 3793 1882 3865 eor-pore
1922 3762 2172 3838 habuit
2203 3791 2332 3836 su-

364 3898 673 3993 perfluos
716 3896 1043 3974 humores
1058 3955 1079 3992 ,
1128 3899 1219 3973 iis
1249 3901 1459 3976 simul
1491 3899 1812 3994 exoretis}
1857 3899 1930 3974 in
1962 3925 2178 3999 puero
2209 3923 2332 3996 per

302 4105 307 4110 ,
364 4053 636 4123 semen,
696 4030 773 4104 in
819 4030 1087 4127 virgine
1132 4059 1253 4132 per,
1298 4058 1654 4114 menstrua
1671 4091 1692 4131 ‚
1753 4063 2011 4110 eorum·
2041 4055 2333 4134 corpora
2431 4009 2436 4017 ¹
