2917 4959
708 486 847 555 DE
906 482 1377 554 ANIMAL.
1440 484 1625 557 HIS
1641 485 1724 553 T.
1751 444 1899 557 ’π
1959 507 2068 560 10.
2225 488 2366 586 247

378 674 525 747 illis
548 671 688 748 hoc
718 668 1095 763 differunt,
1147 666 1343 769 quod
1364 664 1787 765 quibusdam
1813 696 1961 744 non
1993 670 2124 747 suB
2151 702 2362 773 prae-

379 812 693 885 cinctura
740 806 1129 881 consistunt
1172 832 1331 897 oua,
1382 801 1508 875 sed
1559 802 1634 875 in
1681 802 1920 879 medio
1943 809 2360 887 ·secundum

376 945 703 1019 dorsum:
754 966 901 1039 quo
938 964 1023 1011 ex
1070 938 1233 1011 loco
1251 992 1273 1031 ,
1328 964 1498 1009 cum
1545 962 1947 1033 ermen-unt,
2014 940 2090 1014 in
2135 944 2354 1017 alium

368 1078 881 1153 transferuntur
910 1071 1171 1145 locum.
1272 1068 1584 1145 Piscium
1625 1062 1874 1145 ouum·
1895 1102 2042 1149 non
2073 1076 2352 1154 duobus

366 1209 737 1287 coloribus
770 1206 1037 1305 (imus),
1060 1208 1181 1281 sed
1211 1236 1351 1285 vno
1380 1206 1774 1305 praeditum
1804 1232 1933 1283 est:
1985 1240 2066 1285 ac
2099 1215 2304 1288 caudi

372 1348 541 1421 dius
570 1372 789 1447 quam
822 1342 1125 1434 luteum,
1161 1361 1312 1413 tum
1346 1364 1537 1434 ante,
1569 1365 1724 1416 tum
1755 1344 1880 1419 vbi
1905 1346 2048 1420 iam
2079 1348 2154 1421 iu
2187 1350 2346 1424 foe-—

372 1505 531 1555 tum
558 1499 900 1554 mutatum
926 1498 1045 1551 est.
1138 1476 1213 1551 N
1216 1504 1313 1551 on
1342 1466 1592 1551 eodem
1621 1500 1854 1551 autem
1880 1480 2096 1555 modo
2125 1482 2346 1581 pisces
2399 1518 2439 1563 2

372 1618 453 1689 hi
500 1641 805 1715 auesque
848 1640 932 1687 ex
978 1640 1121 1686 ouo
1152 1633 1588 1711 generantur.
1690 1614 1776 1685 In
1811 1614 2118 1711 piscibus
2151 1619 2342 1691 enim

366 1780 510 1826 non
554 1770 656 1823 est
678 1750 1053 1826 vmbilicus
1094 1746 1219 1820 ille
1260 1748 1472 1837 alter,
1537 1747 1664 1843 qui
1695 1745 1786 1818 ad
1829 1754 2345 1870 membranam,
2435 1734 2438 1739 Ι

366 1910 549 1984 quac
580 1906 799 1957 testae
816 1885 1085 1975 subest,
1137 1880 1353 1954 ducit.
1422 1878 1524 1953 At
1551 1880 1774 1978 quiin
1805 1882 2054 1956 auibus
2075 1908 2340 1959 meatus

364 2019 456 2092 ad
500 2020 771 2091 luteum
806 2016 1031 2091 tendit
1046 2072 1068 2111 ,
1138 2044 1179 2091 e
1222 2014 1500 2091 duobus
1545 2043 1768 2089 vnum
1815 2015 2012 2089 hunc
2055 2018 2336 2094 habent.

247 2217 257 2229 ,
362 2152 671 2255 Reliqua
705 2179 875 2228 vcro
911 2120 1386 2249 generationis*
1408 2148 1588 2223 ratio
1621 2176 1708 2223 ex
1739 2178 1884 2225 ouo
1919 2172 2060 2225 tam
2099 2154 2342 2228 auimn

362 2312 581 2389 quam
636 2286 943 2387 piscium
984 2283 1229 2358 eadem
1274 2304 1419 2357 tota
1479 2306 1597 2359 cst.
1701 2284 1890 2359 Nam
1937 2306 2006 2360 et
2066 2285 2142 2363 in
2189 2290 2340 2363 eius

362 2448 643 2497 summo
683 2424 800 2514 fit,
852 2440 919 2494 et
950 2444 1165 2496 venae
1188 2418 1512 2493 similiter
1541 2418 1838 2496 tendunt
1868 2452 1908 2495 a
1937 2422 2150 2499 corde
2180 2424 2338 2524 pri-

360 2585 596 2633 mum:
649 2558 820 2630 item
846 2577 1057 2656 caput
1080 2575 1291 2654 atquc
1328 2556 1522 2629 oculi
1537 2578 1914 2657 partesque
1941 2560 2338 2658 superiores

356 2693 737 2784 maximae,
780 2711 855 2766 vt
888 2690 967 2763 in
990 2672 1137 2763 'illis
1152 2744 1173 2783 ‚
1222 2716 1350 2788 per
1382 2689 1601 2763 initia.
1706 2693 2072 2767 Crescente
2103 2712 2338 2766 autem

355 2828 552 2903 foetu
590 2825 927 2900 decrescit
955 2851 1227 2924 semper
1258 2852 1484 2899 ouum
1500 2880 1522 2919 ‚
1571 2854 1652 2899 nc
1677 2825 1960 2902 tandem
1990 2822 2335 2899 subduci-

356 2982 475 3036 tur
498 2962 585 3033 ab
612 2959 861 3053 oculis,
893 2979 1105 3058 atque
1126 2957 1363 3032 induit
1391 2986 1464 3032 ae
1495 2960 1574 3034 in
1601 2963 2040 3062 pisciculum,
2071 2988 2332 3060 quem·-

358 3092 743 3169 admodum
776 3094 1051 3169 vitellus
1098 3092 1173 3168 in
1214 3095 1590 3169 aniculam.
1691 3096 2010 3207 Agnagus
2039 3124 2328 3197 quoque

354 3228 743 3305 annectitur
768 3228 1141 3306 vmbilicus
1172 3233 1387 3329 paulo
1418 3232 1604 3305 infra
1635 3230 1950 3332 corporis
1977 3254 2320 3328 ventrcm3

350 3394 433 3439 ac
464 3392 591 3465 per
630 3365 833 3439 initia
875 3361 1169 3465 quidem
1220 3366 1472 3465 longus
1511 3389 1616 3441 est
1639 3368 2012 3445 vmbilicus
2027 3422 2050 3463 ,
2097 3368 2320 3441 auctis

346 3524 579 3577 autem
617 3501 893 3577 minor:
944 3496 1225 3573 tandem
1266 3528 1434 3576 vero
1483 3504 1784 3603 pusillus
1797 3560 1818 3599 ,
1870 3530 2089 3606 vsque
2139 3500 2320 3575 dum

342 3640 606 3728 subeat,
635 3634 1239 3735 quemadmodum
1254 3636 1329 3710 'm
1353 3639 1605 3715 auibus
1626 3640 1892 3715 dictum
1919 3660 2038 3713 est.
2081 3636 2309 3709 Amb-
2369 3654 2410 3716 3

343 3769 487 3841 itur
521 3786 753 3840 autem
782 3791 853 3843 et
880 3770 1105 3847 foetus
1142 3792 1215 3847 et
1246 3798 1468 3848 ouum
1495 3774 1858 3850 communi
1885 3770 2310 3859 membrana,

344 3902 479 3975 sub
513 3928 655 4000 qua
696 3904 909 3978 altera
950 3908 1119 3982 item
1146 3930 1285 4005 cst,
1334 3938 1478 4011 qua
1507 3908 1844 4009 priuatim
1861 3908 2106 3981 'foetus
2131 3928 2310 3976 con-

343 4035 623 4111 tinctur.
724 4034 921 4113 Inter
962 4046 1393 4117 membranas
1434 4064 1668 4117 autem
1711 4065 1814 4117 cst
1855 4009 2171 4114 humor:¹
2230 4062 2310 4111 ac
