2917 4959
674 456 816 525 556
1275 454 2036 525 ARISTOTELIS

566 674 607 719 2
669 661 896 723 autem
936 639 1011 709 in
1056 655 1313 709 ventre.
1432 634 1640 708 Cerri
1645 636 1750 735 pit
1791 640 2118 736 serpens'J
2169 638 2532 715 vndelibet
2575 643 2642 717 ei

664 780 843 848 forte
868 770 1185 845 oblatum
1212 768 1321 841 sit.
1418 768 1592 841 Edit
1620 770 1809 843 enit'n
1845 792 1914 845 et
1941 772 2254 883 auiculas
2286 796 2358 849 et
2385 776 2644 850 bestio-

658 888 759 980 las
774 962 795 1000 ,
837 926 907 981 et
941 903 1234 979 deuoret
1250 930 1412 977 oua.
1481 902 1634 977 Vbi
1659 902 2069 1002 prehendit,
2107 908 2384 985 reducit
2414 937 2642 1010 vsque

657 1040 852 1135 adet),
884 1040 1062 1113 dum
1086 1040 1167 1112 in
1192 1064 1473 1113 summo
1499 1061 1765 1113 erectus
1791 1041 2136 1115 consistat.
2229 1042 2512 1119 Deinde
2533 1045 2640 1119 ita

652 1176 923 1275 colligit
948 1200 1095 1247 sese
1108 1194 1317 1272 atque
1348 1172 1704 1248 eontrabit
1727 1173 1804 1249 in
1831 1172 2188 1272 exiguum,
2221 1201 2298 1255 vt
2319 1207 2487 1253 eum
2513 1208 2640 1255 ex-

654 1320 891 1387 tensus
922 1309 1169 1403 fuerit,
1200 1306 1569 1381 descendat
1615 1306 1810 1408 quod
1857 1307 2234 1385 deuorarit.
2289 1312 2452 1391 Hoc
2493 1313 2634 1413 agit

650 1418 1034 1549 propteree,
1064 1441 1259 1542 quod
1298 1442 1540 1539 gulam
1569 1444 1788 1519 'hahet‘
1809 1444 2098 1543 longam
2139 1466 2209 1519 et
2239 1468 2622 1546 angustam.

650 1584 950 1657 Possunt
988 1601 1057 1653 et
1086 1576 1462 1677 phalangia
1490 1597 1942 1675 etserpentes
1973 1578 2102 1655 diu
2133 1580 2284 1655 sine
2315 1582 2477 1657 cibo
2510 1582 2629 1657 vi—

644 1742 841 1810 vere3
892 1710 1093 1813 quod
1134 1712 1439 1813 perspici
1467 1702 1707 1812 'potest
1742 1714 1942 1789 exiis
1955 1771 1978 1811 ‚
2033 1744 2206 1817 quas
2237 1717 2436 1795 alunt
2463 1742 2626 1791 me·-

646 1846 1145 1925 dicamentarii.
1228 1954 1235 1961 .

794 2086 857 2161 C
886 2082 1061 2159 ΑΡ.
1130 2081 1296 2159 VII.
1366 2081 1625 2187 ·(vulgo
1689 2080 1779 2157 V.
1865 2082 2219 2181 Scaligem
2299 2084 2526 2181 ΙΧ.)

742 2256 943 2342 Quae
1005 2249 1493 2351 quadrupedes
1559 2251 1819 2324 animal
1881 2253 2195 2351 pariunt,
2293 2254 2622 2356 feraeque

635 2408 798 2463 sunt
824 2407 894 2461 et
925 2384 1253 2458 dentibus
1284 2386 1567 2459 exsertis
1597 2386 1970 2485 praeditae,
2005 2415 2214 2462 carne
2243 2406 2614 2466 vescuntur

636 2548 895 2601 omnes.
974 2519 1241 2619 Lupos
1270 2522 1522 2592 'tamen
1555 2521 1756 2593 aiunt
1783 2522 2161 2597 esurientes
2189 2546 2452 2601 certam
2479 2548 2614 2601 ter-

634 2688 785 2734 ram
834 2657 1207 2748 ,deum-aim
1300 2652 1518 2752 idque
1581 2651 1755 2729 huis:
1803 2655 1928 2730 vni
1973 2660 2258 2739 euenite
2299 2662 2604 2736 animali.

632 2794 943 2865 Heu-bam
984 2817 1151 2864 vero
1195 2787 1341 2861 eibi
1380 2787 1602 2886 gratia
1650 2816 1794 2863 non
1833 2790 2182 2891 attingunt
2225 2795 2424 2889 alifis3
2477 2794 2605 2871 sed

628 2952 791 2998 cum
820 2925 1080 3024 negt-oti
1110 2945 1309 3017 sunt,
1360 2951 1562 2999 more
1587 2952 1842 2999 canum
1855 2980 1876 3018 ,
1929 2924 2272 3005 deuorant
2297 2953 2364 3005 et
2389 2957 2604 3007 reuo-

626 3080 830 3131 munt
881 3087 961 3134 ae
1014 3070 1421 3160 purgantur}
1525 3058 1718 3133 Inter
1761 3059 1949 3158 ipsos
1991 3060 2204 3162 lupos
2255 3066 2332 3161 ii,
2381 3068 2512 3166 qui
2560 3097 2602 3143 a

624 3190 909 3265 Graecis
934 3192 1264 3267 dicuntur
1285 3200 1746 3292 μονοπεῖραι
1759 3246 1783 3282 ,
1825 3195 2044 3273 latine
2081 3201 2377 3300 soliuagi
2405 3229 2600 3302 prae·-

620 3322 872 3420 dones,
903 3329 1141 3424 potius
1171 3326 1538 3404 hominem
1557 3329 1700 3403 eibi
1726 3333 2343 3433 gratia-appetunt,
2383 3364 2604 3435 quam

519 3476 563 3521 2
622 3462 715 3556 ii,
766 3460 895 3561 qui
941 3462 1017 3536 in
1065 3462 1389 3539 sodalitio
1430 3486 1789 3541 venantur.
1889 3466 1988 3540 At
2015 3492 2228 3564 quem
2273 3466 2396 3539 alii
2431 3471 2604 3565 gla-

620 3622 819 3691 num,
862 3596 986 3669 alii
1032 3596 1377 3701 hyaenam
1422 3625 1705 3696 vocant,
1749 3616 1918 3674 ‘non
1961 3620 2062 3673 est
2105 3598 2340 3675 minor
2385 3599 2592 3702 lupo.

614 3724 871 3805 Iubam
910 3732 1125 3808 habet
1166 3734 1346 3809 sicut
1376 3764 1630 3836 equus,
1681 3731 1803 3807 sed
1841 3754 2014 3809 setas
2045 3735 2228 3836 ipsas
2261 3757 2417 3811 tum
2444 3738 2594 3813 du·-

616 3865 835 3943 riorffi
880 3890 1035 3943 tum
1076 3868 1464 3965 densiores,
1514 3869 1831 3967 (Gazae
1875 3868 2228 3971 longiores
2237 3872 2306 3970 ‚)
2355 3873 2594 3949 eonti-

615 4026 1012 4104 nenturque
1064 4028 1213 4087 toto
1270 4006 1512 4085 dorso:
1567 4004 1992 4087 ‘Insidiatur
2047 4034 2128 4083 ac
2173 4030 2404 4109 captat
2444 4008 2592 4091 ho÷
