2917 4959
627 461 719 550 74
1228 453 1986 524 ARISTOTELIS

620 667 749 714 nos
770 636 1073 730 'habent3
1117 661 1293 736 quae
1324 638 1675 711 ruminare
1703 663 1990 738 quoque
2021 639 2376 715 dicuntur.
2467 621 2608 718 Ab'

620 801 741 848 ore
773 771 961 845 enim
1004 767 1344 869 incipiens'
1376 772 1540 866 gula
1575 770 1665 844 ad
1701 767 2036 850 inferiora
2075 774 2364 850 tendens
2395 777 2590 851 iuxta

620 909 1025 1007 pulmonem
1040 963 1059 999 ‚
1096 879 1468 1005 pertransit
1492 935 1532 979 a
1551 906 1981 1006 praecordiis
2005 910 2080 982 in
2107 934 2422 986 ventrem
2435 941 2595 986 lna-⁴

618 1069 833 1140 gnum
849 1096 870 1135 ‚
923 1043 1049 1140 qui
1078 1043 1265 1114 intus
1296 1067 1532 1140 aspera
1565 1063 1772 1140 atque
1805 1067 2048 1141 rugosa
2073 1066 2174 1118 est
2202 1049 2587 1146 superficie.

518 1178 557 1238 6
618 1177 809 1250 Huic
840 1148 1252 1268 {tenu-imno,
1292 1203 1429 1276 qua
1458 1199 1656 1276 parte
1682 1178 1748 1250 ei
1775 1181 1934 1276 gula
1949 1182 2354 1280 applicatur,
2389 1207 2594 1254 oom-

611 1313 913 1402 mittitur
959 1310 1035 1383 id
1079 1307 1273 1410 quod
1324 1312 1696 1386 reticulum
1741 1310 1984 1387 dieunt
2029 1343 2070 1388 a
2097 1313 2590 1389 similitudine:

564 1489 569 1494 ·
612 1475 915 1546 namque
960 1447 1380 1520 extrinsecus
1412 1447 1804 1519 ventriculo
1819 1501 1839 1538 ,
1891 1449 2080 1520 intuo
2119 1449 2392 1548 plicatis
2421 1450 2596 1522 reti-

610 1585 787 1654 culis
834 1581 1060 1653 simile
1100 1600 1233 1651 est:
1300 1576 1780 1677 magnitudine
1833 1600 2063 1656 tamen
2111 1585 2318 1681 longe
2353 1583 2594 1656 minus

608 1714 995 1788 ventriculo
1030 1735 1150 1788 est.
1256 1711 1449 1821 Hqie
1487 1715 1936 1792 continuatim
1977 1733 2327 1809 omasum,
2399 1717 2590 1789 intua

605 1840 927 1946 asperum
954 1869 1023 1922 et
1038 1848 1335 1947 plagulis
1366 1872 1640 1941 cauum,
1673 1849 2152 1947 magnitudine
2177 1851 2596 1950 proximum·

607 1983 923 2058 reticulo.
1028 1979 1197 2057 Post
1239 1981 1439 2054 hune
1468 2003 1601 2075 est,
1653 1999 1866 2082 quem
1897 1985 2244 2058 Faliscum
2273 2005 2586 2059 ventrem

605 2121 817 2193 latine
842 2140 1111 2210 vocant,
1158 2144 1395 2191 omaso
1426 2115 1720 2216 quidem
1751 2119 2007 2209 minor,
2057 2118 2177 2192 sed
2207 2119 2576 2220 prolixior,

607 2255 899 2328 refertus
932 2252 1173 2326 multis
1206 2251 1498 2324 sinubus
1527 2250 1904 2348 grandibus
1935 2280 2015 2326 ae
2045 2252 2378 2326 laeuibuS.
2465 2251 2591 2326 Ab

604 2387 718 2458 his
747 2387 1075 2482 deinceps
1102 2387 1246 2456 iam
1278 2385 1686 2458 intestinum
1714 2406 1834 2457 est.
1942 2385 2142 2474 Quae
2176 2386 2389 2486 igitur
2419 2411 2584 2459 cor·—

605 2541 772 2593 nuta
812 2518 1051 2591 dentes
1080 2521 1291 2590 altera
1318 2539 1587 2592 tantum
1616 2520 1896 2592 maxilla
1935 2539 2185 2619 gerunt
2199 2576 2219 2615 ‚
2273 2520 2364 2594 ad
2387 2520 2589 2594 huno

603 2654 898 2730 modum
926 2675 1243 2730 ventrem
1275 2652 1556 2726 habent.
1657 2651 2016 2726 Differunt
2043 2658 2250 2728 etiam
2285 2657 2467 2727 inter
2508 2679 2586 2729 se

600 2793 823 2888 figura
867 2811 935 2862 et
979 2785 1458 2885 magnitudine
1475 2842 1496 2878 ,
1566 2813 1646 2860 ae
1692 2807 2038 2885 praeterea
2073 2789 2269 2889 quod
2313 2789 2433 2863 alii
2490 2789 2582 2862 ad

599 2921 914 2998 medium
942 2943 1253 2998 ventrem
1267 2974 1288 3014 ,
1340 2921 1461 2993 alii
1507 2919 1598 2993 ad
1639 2923 1786 2996 eius
1827 2925 2006 2997 latus
2048 2927 2208 3023 gula
2255 2925 2581 3024 pertinet.-

501 3081 539 3140 7
611 3055 710 3130 At
724 3084 889 3131 vero
905 3043 1197 3157 vtnssaque
1220 3055 1494 3130 dentata
1517 3056 1798 3130 maxilla
1811 3059 2097 3134 vnicum
2111 3061 2584 3135 ventriculum

522 3197 543 3236 *⁴
598 3190 890 3284 hahent,
943 3215 1019 3268 vt
1060 3193 1314 3286 homo,
1366 3217 1520 3283 ωε,
1573 3191 1798 3285 mnia,
1849 3211 2086 3286 vrsuS,
2139 3197 2290 3288 leo',
2343 3196 2579 3293 lupuse

601 3325 797 3412 Quin
824 3327 1031 3401 etiam
1058 3325 1260 3402 thoes
1295 3325 1479 3424 (lupi
1521 3325 1818 3399 cerum-ii
1856 3327 2150 3427 Gazae)
2183 3331 2416 3404 omnia
2457 3327 2578 3400 vie

598 3485 783 3535 soem
816 3461 989 3560 lupo
1016 3461 1273 3534 similia
1300 3460 1637 3535 obtinent.
1693 3459 1952 3534 Omnia
1981 3463 2194 3561 igitur
2221 3486 2360 3536 vno
2393 3485 2572 3536 ven-

594 3595 849 3670 triculo
902 3593 1209 3692 praedita
1254 3615 1417 3670 sunt
1433 3649 1454 3688 ‚
1535 3625 1576 3668 a
1627 3622 1772 3695 quo
1822 3595 2257 3668 intestinum:
2325 3619 2576 3669 verum

596 3728 1015 3832 quibusdam
1036 3728 1263 3804 maior
1294 3751 1428 3822 est,
1469 3751 1543 3802 vt
1571 3731 1780 3802 suillo
1810 3728 2046 3826 pecori
2079 3747 2146 3799 et
2180 3728 2388 3803 vrsis:
2416 3747 2572 3800 tum

594 3887 827 3941 autem
889 3865 1135 3938 suillus
1186 3861 1612 3940 ventriculus
1677 3859 1972 3935 modicis
2020 3864 2334 3937 laeuibus
2383 3861 2572 3960 mgis

594 3981 1009 4098 plagulam-‘3⁸
1028 4018 1145 4073 est.
1248 3996 1433 4071 Aliis
1477 3993 1712 4072 minor
1759 4016 1860 4070 est
1875 4051 1897 4095 ,
1963 4027 2190 4102 neque
2231 3993 2570 4072 excedens
