2917 4959
626 445 771 564 564
1230 489 1988 558 AmsTo'rELls

626 697 831 776 atque
870 675 1073 750 etiam
1098 673 1329 748 armis.
1438 671 1718 758 Quibus
1759 671 1836 744 in
1870 671 2042 746 locis
2077 675 2380 772 plurima
2409 705 2594 772 quo-

624 838 757 908 que
794 807 1058 908 grando
1106 829 1221 880 est.
1323 803 1435 878 Ac
1471 831 1634 877 sane
1679 831 1944 902 paucae
1983 809 2044 880 si
2095 809 2272 902 sint,
2325 808 2598 884 dulcior

618 971 814 1016 caro:
906 944 1015 1016 sin
1064 942 1327 1014 multae
1340 995 1361 1032 ,
1428 937 1727 1014 humida
1769 939 1972 1014 valde
2017 963 2228 1041 atque
2288 943 2598 1044 insipida

520 1077 565 1136 4
620 1097 733 1152 est.
840 1074 1227 1150 Grandinis
1266 1073 1530 1149 indicia
1563 1095 1935 1146 sumuntur
1979 1074 2066 1147 ex'
2091 1076 2374 1174 linguae
2401 1097 2600 1174 parte

610 1214 948 1287 inferiore
966 1267 987 1305 ,
1038 1211 1163 1288 vbi
1192 1208 1564 1309 grandines
1599 1210 1900 1282 maxime
1927 1208 2184 1282 insunt.
2281 1210 2478 1283 Tum
2513 1237 2598 1285 ex

613 1346 789 1420 iuba
832 1367 1007 1422 setas
1056 1345 1119 1416 si
1162 1345 1324 1445 quis
1372 1345 1631 1420 euellat
1647 1399 1668 1438 ,
1741 1363 2074 1442 apparent
2118 1343 2590 1452 suber-uentae.
2652 1420 2661 1430 ,

614 1481 975 1556 Praeteoea
1022 1481 1164 1588 qui
1190 1481 1291 1552 sic
1332 1501 1495 1552 sunt
1529 1479 1784 1572 affecti,
1837 1475 2346 1576 posterioribus
2393 1477 2590 1576 pedi-

614 1616 745 1688 bus
774 1635 1133 1714 nequeunt
1158 1614 1532 1714 quiescere.
1571 1611 1944 1712 Tantisper
1971 1633 2208 1686 carent
2237 1613 2587 1710 grandine,

609 1749 787 1824 dum
812 1750 921 1822 lac
936 1768 1213 1848 ¹sugunt
1236 1746 1594 1820 duntaxat·
1675 1745 2064 1820 Tollantur
2095 1745 2460 1844 grandines
2491 1747 2591 1819 ti·—

608 1882 789 1984 pha:
842 1911 925 1958 ea
950 1884 1163 1958 etiam
1192 1881 1280 1954 ad
1312 1879 1644 1953 alendum
1669 1881 1860 1954 v'tilis
1887 1902 2006 1954 est.
2092 1880 2592 1956 Commodissi-

608 2045 725 2096 me
758 2038 829 2092 et
848 2019 1135 2092 aluntur
1168 2036 1237 2088 et
1266 2017 1730 2116 pinguescunt
1755 2016 1976 2089 eicere
2002 2036 2071 2088 et
2089 2018 2247 2088 ficu.
2299 2016 2588 2088 Summa

609 2152 911 2248 illa-est,
960 2181 1123 2227 non·
1154 2152 1546 2250 simplicem
1591 2175 1940 2249 apponere
1981 2150 2256 2243 cibum,
2307 2149 2438 2223 se'd'
2457 2177 2588 2224 va·-

608 2288 807 2364 riare.
922 2283 1205 2362 Gaudet
1248 2286 1441 2358 enim
1488 2284 1872 2359 mutatione
1890 2340 1910 2378 ,
1982 2281 2592 2383 'quemadmodum

600 2421 743 2496 alia
770 2425 1059 2516 quoque
1078 2417 1423 2490 animalia.
1479 2417 1708 2491 Aiunt
1737 2419 1950 2491 etiam
1983 2417 2195 2491 simul
2223 2418 2364 2492 cibi
2397 2439 2590 2518 parte

604 2551 863 2643 inflari,
912 2557 1107 2650 parte
1124 2549 1472 2647 [carnem
1489 2554 1789 2644 augeri,
1825 2553 2098 2649 parte]
2119 2552 2582 2650 pinguescere.

606 2685 921 2762 Glandes
952 2712 1119 2762 vero
1166 2683 1464 2758 libenter
1495 2683 1786 2786 quidem
1819 2687 1908 2756 ab
1950 2686 2098 2756 illis
2141 2686 2416 2780 esim-i3
2465 2684 2588 2760 sed

600 2819 977 2894 humidam
1002 2823 1273 2893 efficere
1306 2827 1632 2894 carnem‘
1699 2820 1791 2893 Et
1805 2873 1826 2913 ‚
1879 2819 1938 2890 si
1971 2819 2304 2916 grauidae
2329 2820 2612 2918 largiusx

602 2979 715 3026 eas
750 2953 1091 3047 esitarint,
1144 2955 1612 3048 abortiunmr‚
1661 2954 1843 3038 sieut
1869 2975 1937 3027 et
1968 2981 2152 3028 oues.
2221 2953 2376 3028 Ha'e
2397 2954 2585 3028 enim

600 3090 1031 3166 manifestius
1078 3089 1157 3164 id
1180 3089 1543 3188 patiuntur
1569 3090 1664 3162 ob
1687 3086 1990 3186 glandes.
2071 3090 2284 3164 Solus
2313 3117 2400 3163 ex
2427 3088 2586 3160 ani-

599 3220 901 3296 malibus
914 3279 939 3318 ,
990 3251 1169 3325 quae
1210 3231 1382 3300 nota'
1416 3243 1582 3300 sunt
1621 3223 1863 3321 nobis,
1913 3223 2254 3325 grandine
2287 3224 2586 3302 afficitur

600 3385 737 3432 sus.

840 3557 899 3632 c
926 3555 995 3632 A
1022 3557 1098 3631 P.
1140 3509 1145 3512 ’
1188 3559 1433 3636 xxn.
1523 3561 1904 3662 (scaligero
1984 3555 2336 3656 XXVII.)

556 3741 565 3756 ¹
651 3827 660 3836 .
748 3760 969 3836 Canes
1012 3761 1239 3836 trihus
1280 3766 1548 3840 morbis
1593 3763 2063 3839 infestantur-2⁰
2088 3763 2406 3859 quorum
2437 3785 2580 3832 no·-

596 3895 787 3970 miua
831 3897 1089 3989 rabies,
1171 3898 1453 3997 angina,
1525 3897 1852 4000 podagra.
1967 3895 2227 3970 Rabies
2299 3895 2578 3968 insanos

596 4029 794 4112 facit:
827 4045 894 4106 et
924 4059 1101 4133 quae
1128 4031 1658 4129 momorderint,
1679 4035 1918 4110 omnia
1949 4034 2026 4107 in
2055 4028 2320 4104 rabiem
2349 4053 2574 4131 agan-5·
