2917 4959
617 451 761 518 DE
809 443 1285 516 ANIMAL.
1336 445 1620 515 H1s'r.
1673 445 1758 514 11.
1815 473 1876 540 7.
2125 451 2208 520 61

240 636 409 714 neri
452 633 851 722 simiarum,
904 629 1103 728 quod
1140 653 1457 706 rostrum
1503 659 1672 730 prae
1713 658 1786 706 se
1818 631 1956 708 fer-t
1985 632 2230 732 porci·—

240 801 439 846 num.
472 766 1103 871 (choeropitheoo.)
1136 766 1498 842 Prolixam
1521 767 1728 844 valde
1757 765 2052 840 caudam
2083 767 2228 840 ha·—

242 911 367 982 bet
380 965 403 1003 ,
452 905 791 1008 paulatim
838 921 1279 980 extenuatam
1295 958 1317 996 ,
1370 924 1580 1002 atq-ue
1613 905 1920 976 multum
1947 931 2224 978 conuo-

244 1045 501 1136 lutam,
570 1043 710 1117 lori
758 1038 997 1114 modo.
1100 1038 1500 1114 Excelsiore
1553 1057 1734 1112 statu
1785 1049 1892 1115 est'
1930 1069 1970 1112 a
2013 1061 2218 1135 terra,

244 1205 455 1276 quam
486 1177 825 1252 lacertus:
876 1200 1167 1246 crurum
1196 1173 1564 1268 flexiones,
1613 1195 1690 1250 vt
1719 1175 1851 1248 illi.
1937 1175 2218 1275 Singuli
2281 1205 2328 1255 ει·

243 1311 465 1413 pedes
503 1309 829 1410 bipartiti
870 1334 955 1382 eo
996 1306 1179 1382 inter
1220 1336 1293 1382 se
1340 1331 1500 1382 sunt
1533 1309 1672 1382 situ
1686 1364 1707 1401 ,
1792 1337 1938 1410 quo
1987 1311 2226 1408 pollex

246 1468 493 1524 noster
534 1445 628 1518 ad
666 1443 1007 1542 reliquam
1036 1471 1324 1516 manum
1354 1445 1694 1518 obuersus
1726 1464 1844 1517 est.
1933 1443 2230 1520 -Harum

242 1583 558 1684 partium
590 1601 877 1680 vti-aque
902 1581 978 1654 in
1010 1577 1265 1676 digitos
1296 1575 1644 1686 quosdaln
1669 1581 1916 1652 breues
1945 1579 2228 1679 aliqua-

243 1741 439 1794 tenus
450 1717 785 1810 discreta3
820 1714 1144 1813 priorum
1174 1713 1437 1812 pedum
1462 1740 1622 1811 pars
1650 1715 1940 1790 interior
1957 1715 2032 1797 in
2063 1737 2224 1809 tre8‚

241 1853 543 1929 exterior
594 1853 671 1926 in
718 1849 930 1945 duos3
1018 1848 1492 1948 posteriorum
1538 1848 1828 1924 interior
1887 1851 1962 1926 in
2007 1850 2224 1938 duos,

244 1987 552 2062 exterior
582 1985 659 2061 in
686 2009 861 2062 troe:
914 1987 991 2059 in
1028 1971 1694 2085 duibusffnguiculi
1731 1965 1914 2058 vnci.
2023 1984 2252 2060 cutis·
2281 2019 2324 2080 3

243 2119 641 2198 cuiusmodi
694 2120 1056 2196 crocodilo
1070 2177 1093 2214 ,
1160 2119 1594 2219 (terrestri)
1649 2147 1906 2218 aspera.
2011 2119 2226 2192 Oculi

242 2257 323 2334 in
370 2283 555 2329 cauo
596 2253 1062 2352 praegrandes
1104 2281 1185 2328 ac
1232 2255 1550 2330 rotundi:
1587 2281 1732 2330 ·eos
1777 2254 2004 2354 operit
2044 2254 2238 2332 'cuti-⁹1.

242 2389 571 2491 reliquae
623 2390 871 2464 similis
885 2444 907 2480 ‚
972 2389 1247 2463 modice
1294 2390 1373 2462 in
1412 2389 1649 2466 medio
1699 2411 1974 2502 'pertusa
1994 2445 2015 2482 ,
2083 2409 2222 2492 qua

241 2528 484 2602 visum
516 2523 959 2598 transmittat:
994 2551 1221 2623 neque
1237 2551 1552 2625 vnquam
1563 2527 1704 2602 coit
1722 2525 1810 2599 ad
1827 2524 2218 2625 tegendum.
2317 2527 2322 2534 ’

246 2661 483 2734 Vertit
528 2658 775 2735 oculos
812 2661 888 2734 in
930 2662 1179 2736 orbem
1224 2661 1686 2762 transfertque
1717 2663 1946 2737 visum
1963 2717 1983 2754 ,
2037 2689 2238 2759 quo-

252 2821 639 2894 quouersus
688 2792 951 2868 intueri
992 2794 1183 2870 velit.
1284 2794 1520 2871 Mutat
1561 2795 1870 2871 colorem
1883 2817 1903 2889 ,“
1955 2795 2228 2872 vbi'iu-

252 2933 499 3002 fiatur:
550 2955 857 3028 namque
900 2951 1145 3028 suapte
1188 2952 1436 3006 natura
1483 2932 1680 3030 niger
1725 2951 1826 3006 est
1862 2945 1988 3008 n'ec
2035 2936 2228 3008 absi-

250 3063 455 3138 milis
498 3061 854 3138 crocodilo
870 3119 891 3158 ,
980 3062 1103 3138 sed
1149 3065 1420 3163 pallore
1462 3065 1736 3164 lacerti,
1833 3085 1902 3140 et
1942 3068 2230 3164 perinde

254 3221 475 3298 atque
508 3197 879 3297 pantherae
910 3198 1283 3299 (pardalia)
1315 3201 1596 3300 nigrore
1627 3201 1946 3278 variatus·
2051 3203 2226 3278 Mu·-

252 3357 437 3410 tatm·
472 3359 643 3411 vero
678 3335 871 3408 color
902 3356 1048 3409 toto
1078 3359 1409 3435 corpore:
1436 3362 1602 3410 nam
1634 3359 1700 3410 et
1725 3365 1890 3412 cum
1913 3311 2003 3412 'eo
2031 3341 2226 3414 oculi

252 3497 535 3570 quoque
563 3491 774 3570 atque
806 3471 1015 3546 etiam
1044 3469 1289 3554 cauda.
1390 3471 1725 3546 Mouetur
1755 3473 1958 3550 valde
1985 3472 2222 3572 segni-
2283 3502 2326 3560 4

252 3627 389 3698 ter,
439 3605 672 3680 nihilo
720 3633 885 3680 sane
917 3606 1307 3704 expeditius
1338 3634 1554 3706 quam
1597 3607 1884 3682 testudo·
1986 3607 2226 3682 Palle-

246 3739 386 3811 scit
448 3742 793 3836 moriens3
864 3741 993 3840 qui
1058 3740 1259 3816 color
1323 3740 1532 3816 etiam
1591 3742 1924 3818 defuncto
1991 3741 2218 3816 durat.

252 3873 495 3947 Gulae
518 3875 953 3975 gutturisque
985 3875 1194 3971 situs,
1256 3877 1486 3977 qualis
1517 3897 1584 3950 et
1607 3877 1889 3952 lacerto.
1996 3875 2226 3950 Carne

250 4029 438 4084 caret
484 4007 799 4108 penitus,
882 4034 1367 4124 praeterquam
1408 4012 1489 4086 in
1529 4013 1754 4112 capite
1803 4035 1870 4088 et
1909 4008 2248 4084 'maxillis·*
