2917 4959
696 487 851 558 -444
1322 475 2096 548 ARISTOTELIS

766 671 827 743 c
856 669 925 744 A
952 668 1029 742 P.
1132 663 1413 740 xxxl.
1515 662 1772 760 (vulgo
1871 657 2146 734 xle.
2241 660 2608 759 scaligero

1346 797 1409 869 c
1434 793 1506 868 A
1535 793 1614 868 P.
1717 793 2020 890 LX1X.)

848 937 1171 1010 Moribus
1240 953 1480 1006 autem
1535 928 1868 1002 differunt
1913 927 2274 1022 animalia,
2339 952 2416 1008 vt
2459 957 2684 1030 supra

700 1068 971 1142 dictum
1034 1090 1133 1142 est
1148 1122 1169 1160 ‚
1228 1062 1634 1164 praesertim
1683 1053 2092 1134 fortitudine
2139 1082 2207 1134 ct
2253 1063 2679 1139 formidine:

700 1201 1009 1277 secundo
1038 1203 1196 1274 loco
1226 1193 1754 1272 mansuetudine
1781 1215 1850 1266 et
1879 1194 2136 1268 ferocia
2149 1247 2170 1288 ,
2207 1196 2416 1270 etiam
2445 1199 2526 1270 in
2556 1226 2678 1296 ge-

704 1363 871 1412 nere
912 1336 1220 1435 ipsarum
1262 1333 1588 1406 ferarum.
1689 1327 1876 1404 Nam
1917 1329 2028 1402 leo
2059 1329 2138 1401 in
2179 1352 2382 1427 pastu
2413 1354 2482 1406 et
2507 1359 2672 1406 esu..

710 1470 893 1544 fiens
958 1469 1435 1542 acerbissimus
1497 1485 1634 1539 est:
1701 1485 1888 1536 satur
1953 1483 2186 1536 autem
2243 1464 2668 1540 mitissimus.

706 1605 827 1677 Est
858 1604 1091 1676 animo
1120 1603 1408 1676 minime
1432 1596 1809 1694 suspicaci:
1855 1596 2038 1669 nihil
2065 1625 2230 1672 sane
2261 1601 2668 1699 suspicatur.

701 1737 795 1809 Et
822 1763 989 1808 cum
1014 1737 1221 1810 sociis
1252 1732 1680 1810 educationis
1711 1753 1832 1806 aut
1863 1731 2378 1806 consuetudinis
2405 1733 2672 1808 mirum

706 1871 785 1944 in
815 1870 1113 1944 modum
1142 1865 1544 1944 colludendi
1573 1865 1922 1941 studiosus
1951 1894 2030 1940 ac
2053 1867 2372 1942 blandus.
2439 1869 2528 1944 In
2553 1895 2672 1944 ve-

714 2003 1119 2083 nationibus
1149 2029 1510 2101 nunquam
1537 2004 1766 2101 palam
1799 2001 1980 2098 fugit
2009 2023 2126 2074 aut
2161 2005 2427 2076 metuit.
2475 2001 2670 2090 Quin

706 2140 915 2214 etiam
956 2140 1015 2212 si
1058 2166 1223 2237 prae
1251 2155 1655 2213 venatorum
1699 2134 2140 2210 multitudine
2175 2135 2566 2212 subducere
2599 2166 2675 2211 se

706 2297 1033 2368 conatur,
1098 2275 1285 2348 lente
1330 2293 1399 2348 et
1440 2269 1745 2371 pedatim
1793 2269 2010 2366 cedit,
2070 2291 2137 2344 et
2187 2269 2484 2346 subinde
2531 2299 2674 2348 sese

706 2428 1131 2483 conuertens.
1236 2405 1453 2494 Quod
1485 2407 1547 2480 si
1582 2402 1760 2504 quid
1789 2403 2003 2480 siluae
2047 2403 2386 2480 densioris
2427 2431 2669 2482 nactus

706 2542 831 2636 sit,
880 2539 1061 2640 fugit
1088 2539 1418 2632 oeleriter,
1471 2537 1694 2611 donec
1722 2538 1801 2612 in
1830 2542 1988 2616 loco
2019 2560 2258 2640 aperto
2279 2539 2386 2614 sit.
2481 2541 2668 2615 Tum

698 2703 871 2775 ‚vero
904 2673 992 2750 de
1022 2675 1289 2774 integro
1312 2662 1742 2772 pedetentim
1771 2671 2102 2747 subducit
2135 2700 2298 2748 sese.
2381 2675 2468 2750 In
2496 2678 2666 2752 locis

702 2810 1095 2910 patentibus
1124 2811 1353 2908 palam
1384 2829 1668 2908 propter
1705 2806 2232 2889 multitudinem
2275 2810 2335 2882 si
2359 2823 2666 2909 cogatmg

693 2942 925 3026 ‚currit
948 2961 1269 3018 contento
1304 2971 1517 3020 cursu
1532 2999 1553 3037 ‚
1603 2970 1732 3017 nec
1762 2943 1932 3016 salit.
2031 2945 2206 3018 Eius
2233 2971 2399 3019 sane
2425 2973 2662 3018 cursus

702 3077 1149 3152 continuatus
1182 3100 1389 3179 atque
1422 3099 1778 3176 porrectus
1813 3097 1912 3152 est
1925 3131 1948 3172 ,
1997 3078 2182 3154 sicut
2211 3107 2487 3154 canum.
2569 3077 2664 3152 At

700 3244 866 3290 cum
910 3237 1205 3290 sectatur
1250 3212 1428 3310 ipse,
1481 3210 1707 3284 iniicit
1751 3237 1892 3308 sese
1909 3267 1931 3306 ,
1984 3241 2147 3288 cum
2189 3239 2412 3314 prope
2461 3241 2665 3312 prae-

701 3347 865 3422 dam
893 3370 1011 3422 est.
1064 3350 1251 3422 Vera
1281 3347 1492 3422 etiam
1525 3367 1722 3439 sunt,
1773 3374 1950 3446 quae
1981 3369 2346 3422 narrantur
2377 3347 2468 3422 de
2501 3349 2663 3446 igni,

702 3511 911 3586 quem
967 3481 1093 3555 ille
1154 3480 1420 3554 metuit.
1525 3478 2135 3570 Quemadmodum
2189 3479 2444 3554 cecinit
2501 3482 2666 3556 Ho-

702 3643 970 3722 merus3
1026 3616 1532 3710 ardentesque
1550 3616 1825 3712 faces,
1879 3639 2066 3710 quas
2095 3614 2402 3700 metuit,
2455 3627 2662 3686 tam-

702 3755 849 3823 etsi
892 3753 1258 3822 incitatus
1292 3752 1394 3820 sit
1436 3755 1548 3822 acl
1584 3753 2154 3850 impressionem
2176 3749 2654 3842 faciendam.

702 3887 891 3962 Tum
936 3883 1108 3979 hoc,
1161 3887 1251 3960 ab
1280 3912 1365 3960 eo
1404 3886 1762 3960 obseruari
1802 3905 2008 3984 atque
2040 3886 2290 3986 impeti
2333 3887 2571 3979 illum,
2619 3913 2654 3958 a

704 4049 847 4122 quo
866 3993 873 4004 .
890 4020 1063 4096 ictus
1098 4021 1202 4096 sit.
1312 4019 1526 4112 Quod
1565 4021 1623 4094 si
1667 4019 1824 4122 quis
1869 4017 2204 4096 iaculatus
2231 4049 2398 4098 eum
2437 4041 2654 4096 tamen
