2917 4959
619 458 714 526 44
1226 450 1980 523 ARISTOTELIS

617 640 708 713 lis
753 638 1086 717 vertebris
1098 648 1124 729 ‚'
1171 634 1380 710 vnico
1421 656 1689 709 tantum
1736 660 1891 708 osse
1932 655 2228 709 constat:
2279 660 2349 711 at
2396 640 2584 713 inte·

619 775 806 848 riora
847 770 1086 845 omnia
1129 752 1384 843 similia
1429 769 1695 843 caninis
1736 770 2197 843 eontinentur.
2238 769 2449 872 [Cap.
2490 774 2585 847 II.

617 905 1026 1003 scaligero]
1046 904 1324 978 Habent
1347 926 1578 978 autem
1608 900 2090 1005 quadrupedes
2116 933 2380 1001 omnes,
2408 936 2589 1007 quae

615 1040 900 1135 animalj
915 1024 1199 1137 pariunt
1215 1094 1236 1133 ,
1285 1036 1741 1112 brachiorum
1784 1039 1941 1112 loco
1976 1042 2319 1115 anteriora
2348 1070 2586 1137 crura3

615 1173 1058 1273 potissimum
1105 1167 1364 1274 quibus
1409 1171 1744 1255 multifidi
1774 1169 2003 1272 ‘pedes
2048 1196 2246 1268 sunt,
2297 1178 2383 1249 iis
2430 1206 2587 1251 ma-

615 1336 842 1383 nuum
881 1309 1032 1382 vioe
1064 1308 1153 1411 ad
1198 1311 1528 1408 pleraque
1571 1304 1878 1382 Vtuntur.
1982 1307 2179 1396 Quin
2218 1310 2589 1387 brutorum

585 1432 928 1515 [sinistrae
973 1444 1205 1517 minus
1237 1463 1400 1517 sunt
1445 1444 1829 1535 absolutae3
1882 1465 2169 1542 excepto
2197 1446 2587 1544 elephante,

617 1578 743 1676 qui
788 1575 1042 1676 digitos
1071 1580 1388 1683 quinque
1415 1603 1713 1651 numero
1749 1578 1826 1651 in
1856 1576 2154 1679 pedibus
2188 1581 2424 1655 minus
2452 1580 2589 1653 ha-
2702 1659 2705 1663 ,

615 1715 735 1785 bet
784 1738 1137 1810 expressos
1157 1768 1176 1805 ‚
1229 1734 1299 1785 et
1359 1712 1702 1787 anteriora
1732 1715 1737 1727 '
1764 1742 1967 1822 orura
2016 1713 2277 1787 maiora
2324 1714 2590 1808 multo;

507 1814 533 1915 ,ο
613 1868 771 1919 tum
797 1846 872 1919 in
899 1848 1404 1946 posterioribus
1431 1848 1681 1920 breues
1713 1849 2090 1921 malleolos,
2156 1846 2401 1921 Talem
2421 1874 2589 1923 vero

616 2003 1028 2081 tantumque
1059 2009 1304 2055 nasum
1340 1978 1589 2073 habet,
1640 2002 1718 2055 vt
1758 1981 1825 2053 ei
1852 2009 2190 2054 manuum
2220 2002 2445 2055 teneat
2475 1982 2592 2058 vi-

618 2144 789 2192 cem.
859 2116 1022 2191 Hoc
1052 2086 1240 2189 enim
1269 2138 1421 2188 tum
1458 2115 1697 2188 cibum
1726 2133 2113 2213 potumque
2144 2115 2222 2187 in
2248 2142 2327 2188 os
2357 2115 2587 2209 refert,

616 2272 772 2337 mm
815 2251 1144 2327 insidenti
1192 2250 1446 2325 rectori
1492 2248 1809 2347 porrigit.
1912 2244 2125 2349 Quin·
2142 2248 2423 2322 arbores
2464 2276 2593 2323 ex-

615 2384 828 2480 tirpat
887 2387 1086 2483 ipsas.
1191 2384 1377 2460 Cum
1440 2413 1567 2482 per
1632 2408 1845 2483 aquas
1908 2380 2134 2474 vadit,
2185 2382 2327 2457 hoo
2376 2387 2588 2457 reflat.

613 2516 784 2609 Eius
811 2544 1084 2594 summa
1110 2542 1269 2615 pars
1299 2517 1774 2615 cartilaginosa
1812 2535 1949 2610 est3
1998 2516 2233 2615 itaque
2262 2546 2407 2595 non
2444 2520 2594 2617 pli-

519 2659 558 2720 3
623 2672 817 2735 eatur
833 2706 853 2743 ,
923 2649 1389 2749 [digitorum
1429 2648 1683 2750 more]
1728 2650 1849 2725 sed
1886 2652 2315 2725 incuruatur.
2436 2652 2593 2729 Soli

614 2786 892 2873 homini
939 2806 1050 2861 vtr
1049 2786 1300 2886 iusque
1347 2813 1595 2859 manus
1652 2787 1957 2887 aequa-lis
2012 2812 2174 2861 vsus
2218 2783 2417 2859 danis
2464 2808 2586 2859 est.

617 2921 824 3020 [Cap.
845 2920 976 2993 ΠΙ.
995 2920 1404 3021 Scaligero]
1437 2922 1777 2999 Humano·
1802 2922 2068 3023 pectori
2096 2919 2365 3020 aliquid
2392 2920 2591 3019 quod

615 3055 1028 3157 respondeat
1042 3112 1064 3149 ‚
1116 3034 1238 3130 sed
1267 3056 1605 3131 dissimile
1618 3111 1639 3150 ,
1688 3056 2015 3131 animalia
2040 3056 2279 3131 omnia
2307 3054 2589 3129 habent.

616 3193 913 3294 Homini
945 3194 1136 3269 enim
1161 3193 1380 3266 latum
1401 3214 1509 3299 est
1522 3248 1545 3285 ,
1612 3194 1857 3267 ceteris
1886 3214 2273 3291 angustum.
2374 3192 2595 3266 Prae-

616 3348 800 3407 terea
847 3328 911 3401 ei
946 3342 1288 3403 mammae
1327 3328 1405 3399 in
1433 3350 1633 3427 parte
1670 3350 1833 3417 sunt
1872 3330 2255 3403 anteriore:
2308 3348 2375 3399 at
2420 3325 2591 3397 illo—-

615 3488 776 3545 mm
805 3462 1004 3539 nulli.
1107 3460 1180 3551 N
1181 3490 1298 3537 am
1340 3443 1749 3563 elephantus
1780 3490 2181 3564 quanquam
2224 3457 2393 3532 duas
2428 3477 2591 3529 tan-

547 3618 816 3687 -,ῒ.,ωῑιι,·
857 3596 1049 3671 iuxta
1091 3618 1332 3695 pectus
1379 3596 1649 3696 potius»,
1700 3625 1915 3697 quam
1941 3598 2017 3670 in
2046 3616 2331 3694 pectore
2358 3612 2589 3676 tamen

517 3736 560 3798 4
623 3730 850 3824 habet.
899 3727 1104 3829 [Cap.
1137 3730 1270 3807 IV.
1307 3732 1715 3833 Scaligero]
1754 3733 2065 3804 crurum
2096 3748 2329 3802 autem
2364 3726 2593 3827 plica-

619 3886 804 3951 uit-as
834 3886 980 3944 tam
1003 3866 1432 3943 anteriorum
1470 3892 1683 3962 quam
1712 3884 1943 3963 poster
1944 3866 2177 3939 iorum
2208 3886 2275 3937 et
2306 3864 2488 3947 inter
2520 3888 2593 3935 se

620 4000 808 4099 ipsae
848 4024 916 4081 et
957 4000 1288 4081 humanis
1331 3998 1654 4093 aduersas
1692 3998 1980 4077 habent.
2084 3994 2589 4107 Quadrupedes
