2917 4959
645 477 792 546 DE
853 468 1331 545 Annua·
1397 468 1678 545 H'IST.
1740 476 1793 543 1.
1851 476 1925 565 9:
2165 500 2259 572 27

306 664 492 742 enini
537 686 744 737 nasus
787 654 1182 760 bipartitus.
1284 652 1837 757 Elephantorum
1866 686 2077 734 nasus
2108 687 2266 737 cum

306 804 551 899 longus
582 821 738 873 tum
751 793 1024 871 validus
1053 815 1154 873 est
1167 848 1190 889 ,
1219 820 1368 891 quo
1399 793 1611 871 etiam
1639 819 1771 891 pro
1798 822 2014 867 manu
2034 796 2273 870 vtitur.'

304 936 632 1035 Namque
675 956 742 1009 et
779 931 1016 1030 ipsum
1053 926 1420 1024 admunt,
1485 950 1557 1005 et
1600 953 1683 1001 eo
1728 928 2130 1026 poehendit,
2204 952 2276 1007 et

303 1070 396 1145 ad
439 1098 522 1146 os
565 1067 852 1145 adducit
889 1087 1036 1139 tam
1077 1064 1321 1141 cibum
1362 1092 1585 1177 quam
1623 1086 1907 1163 potum:
1958 1063 2037 1136 id
2076 1066 2274 1166 quod

305 1205 428 1281 vni
487 1206 627 1304 ipsi
687 1222 964 1276 tantum
1009 1202 1318 1298 contigit.
1419 1196 1873 1275 Mandibulae
1918 1198 2267 1300 praeterea
2332 1220 2375 1282 6

303 1338 515 1432 duae,
565 1364 874 1437 quarum
904 1360 1068 1434 pars
1093 1330 1394 1405 anterior
1414 1328 1724 1439 γέγοιον,
1770 1335 2211 1436 (barbitium
2221 1338 2278 1435 ,)

308 1471 658 1571 posterior
685 1464 923 1563 γένυς.
963 1466 1374 1565 (mentum.)
1466 1470 1887 1545 Inferiorem
1918 1473 2279 1546 maxillam

309 1604 638 1677 animalia
683 1624 970 1687 mouent
1015 1602 1292 1709 omnia?
1353 1626 1645 1705 excepto
1693 1606 1986 1713 aquatili
2030 1632 2279 1681 croco-

307 1737 464 1843 dilo
480 1795 504 1833 ‚
539 1734 682 1838 ‘qui
733 1738 1166 1838 superiorem
1209 1728 1504 1827 tantum.
1606 1740 1772 1815 Post
1810 1769 2058 1815 nasum
2088 1742 2277 1814 labia

311 1874 460 1949 duo
504 1902 710 1949 carne
743 1893 1060 1946 constant
1083 1843 1259 1947 bene
1288 1873 1561 1947 mobili.
1664 1874 1881 1962 Quod
1909 1876 2089 1949 intra
2118 1904 2277 1949 ma·-

313 2009 522 2083 xillas
557 2035 636 2080 ac
667 2006 855 2079 labia
889 2007 1320 2101 continetur,
1372 2034 1449 2081 os
1481 2029 1613 2081 est:
1663 2010 1865 2083 cuius
1892 2029 2120 2108 partes
2148 2036 2282 2109 pa-

307 2146 534 2217 latum
548 2200 569 2238 ‚
625 2163 694 2216 et
739 2144 968 2216 fauces
989 2198 1010 2235 ‚
1062 2157 1131 2214 et
1171 2164 1410 2241 gustus
1447 2144 1989 2220 instrumentum
2024 2143 2281 2238 lingua.

311 2280 579 2350 Sensus
635 2296 870 2345 autem
912 2274 1176 2371 saporis
1221 2274 1546 2347 mucroni
1586 2274 2033 2373 potissimum
2078 2276 2285 2373 inest5

309 2380 458 2483 lata
501 2390 665 2509 pars
702 2406 936 2480 minus
979 2406 1200 2479 sentit.
1317 2405 1548 2480 Sentit
1587 2430 1817 2483 autem
1857 2410 2065 2483 etiam
2104 2436 2285 2511 quae

311 2546 456 2619 alia
486 2570 652 2617 caro
683 2541 919 2617 omnia
936 2596 956 2633 ,
1001 2539 1292 2632 durum,
1335 2540 1685 2639 calidum,
1736 2546 2071 2645 frigidum
2100 2573 2286 2644 qua-

312 2664 458 2781 'qua
481 2681 589 2753 sui
619 2662 854 2779 parte,
905 2673 1506 2775 quemadmodum
1541 2700 1610 2753 et
1635 2706 1973 2779 saporem.
2081 2678 2277 2752 Haec
2348 2724 2385 2784 ⁷

312 2838 439 2889 aut
481 2816 620 2886 lata
652 2834 787 2905 est,
841 2830 964 2882 aut
993 2829 1276 2906 angusta
1293 2865 1314 2901 ,
1371 2832 1493 2883 aut
1522 2812 1933 2910 mediocris3
1982 2840 2163 2911 quae
2193 2834 2293 2886 est

313 2971 390 3023 et
423 2949 686 3046 optima
717 2968 786 3021 et
813 2941 1395 3044 explanatissima.
1480 2926 1629 3021 Aut
1656 2949 1885 3021 soluta
1912 2970 2031 3022 aut
2058 2948 2292 3045 impe-

313 3074 470 3155 ⁴«lita
489 3136 510 3173 ,
575 3082 802 3213 qualis
843 3066 1244 3153 blaesorum
1289 3098 1357 3153 et
1396 3080 1795 3157 balborum.
1896 3078 2021 3156 Est
2062 3103 2295 3157 autem

315 3216 570 3313 lingua
611 3206 772 3288 caro
809 3242 960 3287 rara
1009 3236 1080 3291 et
1120 3214 1446 3373 fungosa:
1498 3216 1715 3291 huius
1756 3242 1919 3318 pars
1946 3212 2294 3337 quaedam

315 3352 545 3451 ligula
579 3340 982 3449 (epiglottis)
1016 3372 1132 3423 aet.
1247 3349 1410 3427 Post
1442 3350 1621 3427 haec·
1654 3352 1849 3453 quod
1882 3351 2295 3451 bipartitum

317 3507 469 3581 est,
515 3484 846 3560 tonsillae
871 3482 1237 3583 dicuntnr3
1281 3487 1479 3587 quod
1510 3490 2087 3590 multipartitam,
2128 3484 2293 3585 gin-

319 3623 520 3721 gina.
572 3610 822 3693 carnea
868 3617 1080 3693 haec:
1127 3622 1316 3749 intus
1359 3647 1593 3701 autem
1630 3626 1897 3703 dentes
1908 3621 2105 3701 ossei.
2208 3618 2294 3689 In

325 3779 598 3830 recessu
631 3778 864 3832 autem
909 3758 1045 3830 alia
1089 3782 1251 3858 pars
1280 3761 1563 3861 vuigera
1578 3814 1599 3854 ‚
1650 3731 2041 3834 columella
2044 3811 2064 3849 ,
2117 3749 2295 3823 insi-—

319 3882 456 3964 det
498 3916 743 3989 venae3
789 3920 972 3993 quae
1004 3892 1062 3966 si
1094 3892 1414 3976 humore
1434 3918 1790 3996 concepto
1800 3892 2298 3985 inflammetur,

325 4014 624 4101 vocatur
651 4054 818 4130 vua,
867 4052 934 4109 et
958 4012 1261 4108 suffocat.
1361 4040 1368 4047 ’
