2917 4959
603 484 744 555 252
969 508 976 515 ·
1201 428 1953 583 Ams'ro‘rnm's

801 664 862 739 C
893 662 962 736 A
989 659 1064 733 P.
1129 656 1260 731 XI.
1329 657 1573 756 (vulgo
1622 657 1793 731 XII.
1846 657 2197 758 Scaligero
2246 658 2377 755 X.)

743 795 1062 895 Delphin
1101 812 1332 866 autem
1377 812 1452 865 et
1480 792 1771 866 balaena
1812 792 2085 891 aliaque
2116 813 2265 867 oete
2280 847 2303 887 ,
2354 820 2583 891 quae-

599 957 874 1031 cunque
905 954 1051 1003 non
1083 926 1450 1000 branchias
1479 923 1603 1001 sed
1634 926 1939 1000 fistulam
1968 926 2265 1021 habent,
2318 926 2581 1001 animal

597 1068 927 1165 gignunt:
957 1061 1126 1137 item
1163 1059 1394 1161 pristis
1423 1061 1665 1159 et0bos.
1736 1058 2017 1133 Horum
2046 1061 2235 1133 enim
2268 1060 2345 1132 in
2376 1062 2581 1136 nullo

567 1202 880 1274 ·inuenta
913 1226 1052 1271 oua
1079 1217 1244 1270 sunt
1261 1252 1282 1289 ‚
1333 1192 1456 1267 sed
1499 1192 1725 1266 statim
1765 1192 2027 1299 foetus:
2076 1218 2161 1267 ex
2190 1222 2337 1293 quo
2370 1194 2581 1269 dear-

597 1334 886 1407 ticulato
919 1332 1177 1404 animal
1207 1348 1595 1427 generatur,
1648 1322 2244 1425 quemadmodum
2273 1326 2495 1403 homo
2519 1348 2589 1402 et

597 1464 1106 1568 quadrupedes,
1137 1490 1316 1562 quae
1349 1463 1631 1562 pariunt
1657 1460 1935 1533 animal.
2005 1460 2331 1559 Delphin
2365 1490 2587 1538 vnum

597 1604 746 1677 fere
773 1601 994 1701 parit3
1026 1596 1383 1671 interdum
1411 1597 1620 1671 etiam
1647 1595 1847 1671 duos.
1896 1594 2199 1671 Balaena
2224 1598 2335 1672 vel
2369 1594 2585 1692 duos,

595 1757 802 1835 atque
851 1731 930 1805 id
971 1733 1143 1805 adeo
1187 1732 1621 1829 frequenter,
1671 1732 1783 1805 vel
1826 1758 2065 1805 vnum.
2162 1730 2429 1805 Similis
2470 1728 2587 1805 lex

597 1870 992 1969 phocaenae
1041 1894 1206 1939 cum
1253 1866 1368 1939 del
1372 1866 1627 1963 phin03
1698 1863 2051 1964 siquidem
2110 1865 2373 1939 minori
2424 1864 2589 1941 del-

594 2003 822 2104 phiuo
853 2028 1138 2101 quoque
1173 1999 1421 2074 similis
1468 2000 1619 2099 ipsa
1644 2019 1765 2073 est.
1870 1998 2196 2073 Nascitur
2224 2001 2301 2074 in
2334 2000 2594 2075 Ponto.

597 2140 760 2213 Ηοο
802 2164 970 2211 vero
1013 2136 1101 2209 ab
1147 2134 1278 2211 illo
1324 2132 1557 2207 differt
1574 2190 1594 2226 ‚
1673 2131 1869 2233 quod
1918 2154 1989 2206 et
2030 2133 2264 2207 minor
2310 2154 2413 2207 est
2429 2188 2451 2227 ,
2518 2154 2589 2209 et

595 2272 806 2347 dorso
840 2272 1086 2343 latiore
1101 2324 1122 2363 ,
1173 2269 1414 2343 colore
1443 2268 1788 2343 coeruleo.
1879 2265 2319 2344 Phocaenam
2349 2267 2589 2368 generi

596 2404 1103 2503 delphinorum
1131 2402 1358 2489 ,multi
1407 2402 1891 2477 attribuerunt.
1993 2403 2281 2503 Spirant
2326 2403 2587 2517 omnia,

595 2566 778 2641 quae
801 2535 1063 2610 habent
1091 2534 1432 2627 fistulam,
1484 2556 1695 2634 atque
1724 2562 1951 2611 aerem
1988 2538 2373 2637 recipiunt:
2418 2539 2588 2635 pul-

519 2710 526 2715 ·
571 2700 882 2749 ·monem
911 2669 1102 2745 enim
1131 2667 1410 2743 habent.
1518 2668 1714 2756 Quin
1758 2669 2403 2747 animaduerterunt
2430 2672 2587 2749 del-.

599 2810 908 2909 phinum
935 2826 1212 2879 extante
1241 2825 1467 2880 rostro
1500 2802 1961 2879 dormientem
1994 2828 2205 2907 atque
2234 2836 2357 2909 per
2387 2837 2587 2911 somss
2621 2858 2627 2863 -

599 2970 776 3015 num
807 2960 1220 3045 stertentem.
1327 2938 1563 3012 Habet
1607 2960 1841 3013 autem
1871 2960 2013 3014 tam
2047 2941 2343 3042 delphin
2372 2972 2587 3045 quam

597 3074 959 3176 phocaena
1009 3075 1116 3149 lac
1131 3130 1152 3169 ‚
1226 3071 1422 3174 quod
1464 3072 1713 3146 catulis
1754 3074 1897 3148 suis
1940 3080 2346 3177 praebeant3
2412 3104 2589 3181 quos

597 3211 808 3283 etiam
825 3264 846 3303 ,
901 3209 1076 3283 dum
1119 3207 1360 3307 pusilli
1403 3226 1603 3299 sunt,
1654 3208 1839 3283 intra
1884 3240 1956 3285 se
1998 3214 2365 3313 recipiunt.
2446 3214 2591 3287 Ca-

596 3344 806 3444 piunt
855 3344 1360 3419 incrementum
1409 3340 1723 3415 celeriter
1784 3342 2291 3446 delphinorum
2338 3346 2585 3423 catuli:

597 3478 872 3560 decimo
904 3473 1095 3551 enim
1125 3504 1310 3551 anno
1327 3476 1581 3551 iustam
1612 3480 1986 3556 absoluunt
2012 3476 2591 3577 magnitudinem.

599 3614 801 3687 Gerit
827 3632 1102 3692 vtemm
1127 3638 1394 3687 menses
1425 3604 1688 3689 decem.
1769 3616 1957 3689 Parit
1985 3632 2231 3687 aestate
2262 3611 2589 3712 delphin,

595 3774 827 3848 neque
879 3747 1023 3821 alio
1047 3768 1381 3846 tempore.
1484 3748 1603 3823 Fit
1626 3750 1831 3822 etiam
1845 3801 1869 3841 ,
1920 3770 1998 3823 vt
2026 3746 2237 3825 lateat
2266 3750 2401 3825 sub
2428 3768 2590 3826 ortu

595 3883 949 3958 caniculae
999 3879 1274 3955 circiter
1329 3856 1613 3981 triginta
1652 3880 1821 3957 dies.
1930 3884 2214 3963 Catulos
2258 3912 2421 3963 suos
2463 3882 2592 3959 diu

595 4017 989 4115 comitatur,
1018 4016 1280 4119 quippe
1295 4044 1543 4115 magna
1570 4044 1729 4117 erga
1758 4045 1876 4094 eos
1910 4022 2192 4101 caritate
2214 4043 2330 4095 est.
2386 4017 2591 4095 Viuit
