2917 4959
590 459 682 514 20
1182 425 1956 499 ARISTOTELIS

590 627 901 721 serpensj
940 636 1007 688 et
1035 633 1282 687 natura
1312 634 1500 687 caret
1525 609 1861 714 pedibuS,
1895 629 1964 684 et
1996 635 2408 710 squarrosus
2439 634 2556 687 est.

578 757 873 830 Horum
926 774 1142 848 genus
1185 749 1592 823 vniuersum
1651 745 2032 846 ouiparum
2074 767 2176 819 est
2189 801 2211 840 ,
2293 768 2568 846 praeter

592 891 935 988 viperam:
984 883 1132 958 sola
1182 907 1488 981 namque
1536 880 1723 980 parit
1767 879 2047 954 animal.
2153 881 2354 970 Quae
2399 908 2570 956 vero

590 1019 850 1096 animal
900 1019 1185 1117 pariunt
1200 1072 1221 1110 ‚
1266 1042 1345 1088 ea
1392 1043 1540 1090 non
1571 1016 1808 1090 omnia
1840 1015 2023 1116 pilos
2055 1013 2352 1090 habent:
2403 1043 2574 1090 nam

594 1177 663 1231 et
704 1153 924 1254 pisces
966 1149 1262 1251 quidam
1292 1151 1578 1252 pariunt
1605 1149 1905 1224 animal:
1973 1175 2430 1250 quaecunque
2459 1171 2576 1223 ta·-

600 1316 765 1364 men
816 1287 998 1386 pilos
1037 1282 1338 1376 habent,
1388 1285 1626 1358 omnia
1673 1285 1962 1384 pariunt
1993 1283 2572 1384 anima133iqui-

604 1422 830 1498 dem
811 1449 889 1494 ln
936 1419 1246 1520 pilorum
1293 1443 1540 1515 genere
1571 1415 1900 1490 censendi
1929 1439 2092 1490 sunt
2127 1417 2312 1514 pili
2291 1419 2344 1490 1i
2361 1471 2384 1509 ,
2451 1416 2578 1544 qui

594 1560 843 1658 spinae
886 1553 1185 1654 speciem
1216 1577 1383 1650 prae
1420 1577 1493 1624 se
1530 1552 1798 1625 ferunt:
1851 1550 2092 1650 quales
2121 1549 2416 1624 erinacei
2453 1576 2582 1648 ge-

604 1712 779 1765 runt
808 1711 875 1764 et
899 1685 1259 1790 hystrices.
1311 1684 1634 1758 Pilorum
1660 1711 1966 1784 namque
1992 1713 2196 1760 veum
2227 1684 2580 1784 praebent,

512 1835 555 1896 3
600 1820 1049 1924 non-pedum
1065 1872 1087 1911 ,
1138 1838 1214 1892 vt
1242 1817 1528 1894 echinis.
1629 1819 1716 1894 In
1747 1817 1886 1893 hoc
1913 1842 2144 1894 autem
2174 1817 2582 1918 quadrupe-

494 1963 501 1972 ’
611 1955 788 2028 dum
822 1978 1070 2052 genere
1088 1952 1445 2049 (summo)
1458 2004 1484 2040 ,
1530 1951 1729 2052 quod
1759 1952 2020 2026 animal
2051 1953 2234 2052 parit
2247 2007 2272 2044 ‚
2321 1953 2584 2026 multae

614 2116 778 2164 sane
820 2088 1079 2187 species
1130 2085 1453 2184 (genera
1489 2085 1776 2184 media)
1811 2086 2288 2180 continentur,-
2339 2113 2585 2159 verum

617 2232 790 2312 (vno
824 2224 1074 2318 aliquo
1104 2223 1494 2312 communi)
1527 2218 1814 2294 nomine
1839 2241 2110 2310 carent,
2163 2217 2286 2292 sed
2314 2219 2586 2317 singula

618 2381 697 2428 ea
728 2382 851 2452 per
882 2379 953 2424 se
984 2353 1474 2446 nominantur,
1510 2376 1585 2428 vt
1615 2351 1706 2427 de
1734 2352 2024 2430 homine
2055 2353 2394 2448 diximus,
2431 2353 2586 2428 vel-
2653 2389 2663 2394 ·

608 2487 721 2562 -vti
759 2487 871 2560 leo
886 2539 907 2578 ,
972 2510 1219 2558 ceruus
1235 2538 1256 2575 ‚
1302 2510 1524 2583 equus
1539 2539 1560 2578 ,
1597 2486 1787 2558 canis
1817 2475 1886 2562 et
1915 2508 2138 2560 cetera
2165 2485 2258 2560 ad
2287 2485 2584 2561 eundem

623 2616 935 2700 modum.
1038 2619 1227 2694 Nam
1258 2645 1335 2692 ea
1353 2674 1374 2712 ,
1438 2603 1620 2718 quae
1653 2621 1888 2694 iubata
1919 2643 2082 2695 sunt
2095 2677 2117 2714 ,
2184 2641 2252 2693 et
2277 2620 2588 2696 iumenta

610 2779 983 2846 vocamus,
1012 2781 1234 2828 vnum
1262 2751 1624 2853 quoddam
1653 2779 1870 2852 genus
1901 2753 2161 2828 habent
2192 2781 2586 2848 commune,

623 2907 699 2959 vt
735 2913 955 2984 equus
972 2939 994 2978 ,
1058 2873 1329 2980 asinus,
1382 2889 1652 2981 mulus,
1702 2887 1983 2986 ginnu5‚
2031 2888 2330 2970 hinnus:
2383 2916 2587 2990 prae-

622 3041 807 3094 terea
850 3019 1095 3121 Syriae
1142 3022 1407 3115 mulae,
1490 3049 1672 3122 quae
1714 3044 1998 3123 propter
2057 3022 2590 3098 similitudinem

620 3151 764 3228 hoc
826 3155 1113 3229 nomine
1176 3155 1617 3254 appellantur
1630 3211 1651 3249 ‚
1719 3153 1842 3230 sed
1890 3158 2184 3232 omnino
2233 3183 2380 3233 non
2427 3179 2590 3232 sunt

616 3286 935 3370 ‚eiusdem
978 3287 1261 3386 speciei:
1330 3286 1682 3387 siquidem
1737 3315 1824 3364 ex
1871 3291 2252 3374 concubitu
2291 3294 2470 3366 inter
2515 3315 2596 3364 se

622 3420 1023 3518 gignuntur.
1097 3420 1333 3508 Quare
1368 3448 1482 3495 eas
1515 3424 1772 3522 speeies
1801 3449 2070 3508 necesse
2097 3443 2196 3496 est
2223 3424 2590 3520 separatim

626 3575 695 3626 et
740 3580 984 3653 capere
1029 3581 1591 3654 vnamquamque
1637 3578 1706 3629 et
1747 3585 1988 3632 earum
2043 3575 2364 3628 naturam
2411 3583 2588 3630 con-

528 3704 571 3763 4
616 3687 967 3788 *templarL
1000 3684 1264 3786 [Caput
1280 3687 1480 3762 VIII.
1501 3689 1910 3788 Scaligero]
1944 3689 2138 3761 Haec
2165 3689 2380 3788 igitur
2409 3689 2589 3764 hac-

484 3813 497 3830 ’
629 3840 825 3896 tenus
868 3821 1067 3920 quasi
1117 3841 1351 3917 gustus
1400 3823 1616 3917 gratia
1664 3823 1974 3919 apposita
2015 3823 2155 3896 sint
2169 3879 2189 3918 ‚
2242 3825 2587 3918 videlicet,

628 3973 703 4024 vt
716 4007 737 4045 ‚
800 3957 1059 4054 quibu-s
1099 3952 1187 4028 de
1221 3955 1427 4029 iebus
1471 3975 1540 4030 et
1585 3975 1926 4054 quatenus
1971 3959 2064 4034 sit
2105 3958 2544 4036 tractandum
2561 4011 2584 4050 ,
