2917 4959
747 469 890 537 nE
952 466 1753 547 ANIMAL'HIST.
1805 475 1928 546 nc
1983 497 2094 572 27.
2227 477 2366 568 457

405 649 731 724 euolant·
802 651 1147 728 Reuersae
1180 653 1435 728 iterum
1487 656 1794 732 fremunt
1835 662 2180 757 primum,
2246 661 2369 736 sed

399 783 734 880 paulatim
752 840 772 878 ,
851 787 1083 860 minus
1128 788 1540 887 minusquc3
1606 789 1828 866 don'ec
1875 823 2010 868 vna
2057 797 2368 868 circum-

398 917 634 990 volans
666 920 1007 996 bombum
1034 921 1198 1014 edit,
1226 943 1561 1020 tanquam
1591 923 1788 1021 signo
1817 926 1980 1002 dato
2006 925 2369 1001 dormien-

394 1049 488 1123 di.
590 1051 828 1151 Atque
846 1053 1015 1128 inde
1050 1054 1397 1151 extemplo
1427 1057 1913 1132 conticescunt.
2014 1061 2205 1134 Bene
2235 1089 2364 1136 va-
2378 1069 2460 1130 24

392 1185 599 1258 lentis
630 1185 961 1258 examinis
1012 1187 1291 1286 signum
1325 1208 1425 1260 est
1478 1190 1742 1262 sonitus
1786 1193 2052 1264 multus
2101 1215 2168 1267 et
2197 1223 2362 1270 mo-

394 1337 507 1390 tus
550 1321 947 1393 exeuntium
992 1342 1201 1421 atque
1240 1320 1797 1420 ingredientium.
1912 1323 2118 1399 Tunc
2171 1331 2360 1402 enim

396 1452 619 1526 foetus
666 1476 1057 1552 operantur.
1176 1455 1626 1530 Potissimum
1678 1458 1990 1530 esuriunt
2006 1511 2028 1552 ,
2127 1460 2361 1552 (labo—-

394 1609 548 1662 rant
582 1591 727 1659 alii
760 1589 1115 1688 Codices‚)
1146 1617 1311 1664 cum
1350 1611 1579 1665 exacta
1607 1589 1748 1664 ism
1776 1590 2012 1666 hieme
2035 1619 2214 1692 opus
2239 1595 2360 1668 in-

389 1720 679 1818 cipiunt.
760 1722 1123 1820 segniores
1149 1723 1561 1818 redduntur,
1591 1725 1654 1796 si
1677 1723 1858 1822 quis,
1897 1751 2064 1800 cum
2088 1738 2363 1818 castratg

386 1856 550 1954 plus
592 1857 823 1930 mellis
866 1857 1275 1958 reliquerit.-
1377 1861 1651 1934 Verum
1705 1885 1841 1957 pro
1886 1858 2360 1932 multitudinis

390 1991 653 2064 ratione
686 1992 761 2064 in
792 1991 972 2068 fanis
1006 1991 1546 2094 relinquendum
1575 2013 1710 2066 est:
1761 2021 1924 2067 nam
1951 1993 2186 2064 minus
2205 1992 2359 2066 ala-

386 2152 534 2199 cres
563 2127 731 2200 item
762 2148 927 2200 sunt
956 2127 1044 2200 ad
1077 2155 1255 2228 opus
1272 2183 1292 2222 ,
1344 2098 1405 2200 si
1446 2126 1680 2200 minus
1725 2127 2175 2227 relinquatur.
2279 2124 2360 2196 Si

388 2260 629 2334 alueus
670 2261 763 2332 sit
801 2263 1119 2361 capacior
1138 2316 1160 2355 ,
1210 2281 1379 2334 tunc
1424 2257 1708 2364 quoque
1749 2263 1931 2336 fiunt
1975 2260 2356 2361 segniores=

385 2397 620 2471 minus
652 2395 841 2472 enim
868 2417 1236 2496 promptae
1278 2418 1438 2472 sunt
1467 2396 1557 2470 ad
1600 2396 1930 2472 laborem.
2070 2395 2358 2468 Castra„-

384 2551 501 2604 tur
536 2530 775 2604 alueus
796 2530 1087 2628 singulis
1118 2528 1427 2604 sextariis
1478 2553 1600 2603 ant
1641 2531 2206 2629 sesquisextario:
2293 2529 2356 2600 si

380 2693 546 2741 vero
576 2692 863 2740 examen
890 2666 978 2738 sit
1002 2666 1179 2740 hene
1209 2663 1467 2754 valens,
1501 2685 1622 2736 aut
1657 2665 1842 2738 binis
1880 2663 2192 2736 sextariis
2235 2683 2356 2735 aut

378 2801 617 2902 quinis
658 2797 1165 2875 semisextariis.
1262 2796 1513 2870 Ternis
1549 2797 1854 2872 sextariis
1871 2799 2096 2896 pauci.
2197 2797 2349 2870 Ho-
2369 2799 2446 2862 25

379 2936 501 3008 stis
529 2961 743 3033 apum
768 2933 925 3007 ouis
958 2953 1089 3026 est,
1140 2953 1208 3006 et
1256 2959 1536 3031 vespae,
1600 2931 2192 3033 quemadmodum
2239 2957 2353 3003 su-

380 3093 511 3166 pra
544 3065 809 3139 dictum
852 3087 971 3141 est.
1071 3067 1438 3140 ‘Venantur
1483 3093 1592 3140 eas
1637 3066 1880 3166 apiarii
1915 3067 2060 3141 olla
2103 3067 2348 3164 posita,

378 3197 759 3298 inditisque
798 3200 873 3271 in
908 3224 985 3271 ca
1026 3201 1368 3274 carnibus.
1473 3201 1622 3276 Vbi
1669 3203 1929 3274 multae
1957 3199 2348 3290 inciderint,

380 3355 693 3435 opertam
726 3333 801 3406 in
829 3334 989 3432 igne
1034 3355 1325 3432 ponunt.
1424 3335 1600 3409 Fuci
1623 3336 1684 3409 si
1713 3334 1916 3434 pauci
1943 3333 2187 3426 insint,
2238 3332 2350 3402 iu·

376 3491 539 3547 vant
570 3493 890 3544 examen:
956 3439 1267 3544 efficiunt
1310 3468 1496 3541 enim
1513 3523 1536 3560 ‚
1616 3491 1692 3545 vt
1731 3468 2104 3544 studiosius
2149 3464 2350 3560 operi

378 3603 799 3678 incumbant.
902 3603 1347 3702 Praesagiunt
1376 3623 1803 3703 tempestates
1836 3625 2042 3700 atque
2065 3596 2342 3672 imbres.

302 3753 315 3770 ⁰
374 3738 485 3812 De
488 3737 906 3837 prehensum
948 3737 1027 3811 id
1068 3760 1169 3811 est
1215 3765 1299 3814 ex
1343 3765 1427 3815 eo
1442 3795 1464 3832 ,
1531 3736 1726 3839 quod
1763 3763 1908 3810 non
1951 3731 2345 3832 prouolant,

376 3868 498 3944 sed
547 3897 765 3969 prope
822 3897 1059 3948 sereno
1102 3871 1337 3947 adhuc
1378 3894 1772 3966 versantur,
1861 3871 2090 3966 neque
2134 3869 2222 3938 ab
2261 3893 2344 3940 co

375 3999 845 4080 dimouentur.
950 4005 1114 4095 Quo
1144 4007 1407 4084 indicio
1440 4031 1705 4082 nouere
1735 4002 2016 4104 apiarii,
2059 4028 2169 4076 eas
2217 4030 2344 4075 ex-
