2917 4959
636 493 755 568 τις,
882 475 1293 544 ALnEaTi
1374 473 1950 540 coomommz
2035 473 2343 539 niem

632 653 920 716 standum
956 649 1062 710 vel
1103 643 1517 728 quaerendum
1545 643 1778 728 aliquid
1813 642 2279 724 disciplinantur
2307 623 2604 706 animalia

635 757 821 818 bruta
856 763 918 812 et
961 766 1085 807 non
1126 747 1203 806 ad
1249 755 1443 807 artem
1476 744 1585 803 vel
1621 741 1961 804 scientiam.
2045 743 2124 806 Et
2167 745 2304 805 ideo
2345 743 2604 804 nullum

636 855 882 916 omnino
908 845 1258 909 animalium
1282 841 1712 922 disciplinatur
1738 839 1864 902 nisi
1893 845 2203 904 motiuum
2223 887 2242 920 ,
2285 853 2348 903 et
2380 859 2607 906 secun-

634 956 780 1016 dum
805 947 1142 1032 appetitum
1176 938 1694 1022 operabilibus*):
1733 961 1806 1001 eo
1841 942 2007 1020 quod
2041 941 2198 1004 haec
2228 954 2376 1004 sunt
2405 947 2604 1023 parti·

635 1052 862 1114 culari'a
884 1049 1069 1109 etiam
1096 1045 1164 1102 in
1188 1040 1668 1121 particularibus
1696 1049 1942 1120 accepta
1960 1085 1977 1116 ‚
2008 1061 2270 1119 quorum
2288 1043 2603 1123 percepti-

540 1165 577 1227 5
636 1175 716 1215 va
749 1159 893 1210 sunt
927 1145 1218 1205 animalia
1246 1139 1621 1203 huiusmodi.
1659 1138 1923 1202 Videtur
1950 1151 2148 1200 autem
2172 1161 2363 1221 genus
2392 1143 2600 1201 simia-

628 1273 771 1316 rum
802 1269 953 1332 prae
994 1241 1247 1305 caeteris
1283 1241 1641 1302 animalibus
1675 1237 1872 1298 brutis
1903 1242 2226 1300 aestimare
2255 1241 2332 1300 de
2359 1219 2601 1315 nociuo,

634 1363 699 1412 et
726 1351 1111 1419 conferente,
1150 1362 1229 1402 ex
1254 1361 1439 1402 sensu
1466 1351 1530 1401 et
1547 1339 1980 1420 imaginatione
2006 1349 2067 1398 et
2092 1343 2405 1401 memoria.
2448 1343 2602 1401 Aliis

638 1449 801 1511 enim
836 1444 1309 1508 aestimationem
1349 1439 1711 1502 habentibus
1746 1437 1823 1498 de
1856 1438 1970 1498 sibi
2004 1439 2499 1512 conferentibus,
2541 1453 2606 1501 et

636 1549 1022 1616 nocentibus,
1066 1551 1128 1602 et
1162 1542 1275 1602 ius
1306 1537 1808 1620 persequentibus
1837 1537 1941 1598 vel
1985 1535 2386 1617 fugientibus,
2431 1541 2608 1600 simia

640 1650 915 1710 aestimat
949 1646 1025 1705 de
1058 1639 1514 1720 conferentibus
1543 1635 1660 1698 sibi
1689 1645 1752 1696 et
1780 1635 1918 1696 aliis
1961 1639 2366 1698 animalibus:
2408 1647 2470 1698 et
2499 1639 2601 1698 id-

640 1767 713 1808 οο
730 1744 951 1808 videns
974 1741 1331 1822 paruulum,
1362 1737 1619 1798 exhibet
1642 1737 1903 1816 paruulo
1929 1740 2149 1812 vbera,
2179 1760 2304 1800 non
2329 1741 2600 1826 propria,

637 1846 751 1908 sed
779 1840 991 1906 matris
1018 1857 1169 1918 quae
1200 1836 1447 1918 peperit
1477 1857 1616 1896 eum
1632 1882 1649 1913 ‚
1675 1839 1729 1895 si
1752 1837 2174 1916 permittatur:
2213 1861 2407 1920 puero
2435 1841 2600 1904 enim

640 1945 897 2017 exhibet
928 1943 1116 2001 vbera
1159 1938 1599 2012 foeminarum,
1654 1935 1707 1995 si
1745 1937 2168 2015 permittatur:
2211 1947 2273 1997 et
2313 1939 2433 1998 hoc
2477 1959 2608 1998 non

638 2046 763 2107 alia
789 2043 1027 2106 faciunt
1057 2037 1377 2099 animalia:
1428 2043 1492 2093 et
1515 2033 1580 2094 in
1614 2033 1732 2094 hoc
1767 2039 2150 2116 cognoscitur
2177 2037 2350 2097 simia
2380 2042 2608 2098 melio-

638 2147 725 2210 ris
752 2163 883 2204 esse
915 2136 1349 2203 aestimationis
1375 2154 1559 2214 quam
1585 2133 1757 2194 aliud
1777 2133 2022 2197 animal.
2079 2135 2195 2194 Sed
2219 2136 2284 2194 in
2311 2138 2602 2198 omnibus

640 2245 737 2324 his
780 2262 906 2302 non
946 2248 1233 2301 mouetur
1278 2235 1402 2295 nisi
1442 2232 1885 2314 phantasmate:
1961 2245 2026 2296 et
2066 2233 2204 2296 ideo
2241 2236 2610 2320 frequenter

642 2351 845 2416 errat,
888 2340 1045 2400 sicut
1080 2349 1146 2398 et
1176 2335 1297 2398 alia
1328 2333 1646 2394 animalia:
1687 2334 1858 2413 quia,
1911 2335 2069 2395 sicut
2099 2331 2361 2394 diximus
2389 2337 2456 2396 in
2491 2359 2611 2396 sn..

640 2439 926 2504 tehabitin
943 2480 962 2513 ,
997 2436 1105 2496 vbi
1140 2433 1587 2514 phantasticum
1627 2433 1978 2498 intellectui
2023 2427 2152 2495 non
2199 2437 2613 2516 coniungitur,

640 2541 935 2619 frequens
968 2532 1187 2595 incidit
1225 2549 1429 2591 error:
1475 2542 1539 2591 et
1578 2545 1672 2594 est
1710 2535 1779 2592 in
1827 2534 2050 2595 talibus
2093 2534 2451 2595 animalibus
2482 2556 2611 2596 non

644 2638 1039 2722 syllogismus
1068 2631 1452 2712 operis„sed
1481 2635 1926 2711 argumentatio
1957 2635 2346 2712 imperfecta.
2389 2633 2470 2694 Et
2491 2635 2608 2693 sic-

645 2749 733 2803 vt·
754 2740 821 2799 in
854 2730 1343 2814 contemplatiuis
1386 2733 1776 2814 enthymema
1813 2739 1874 2790 et
1918 2733 2278 2810 exemplum
2323 2746 2469 2796 sunt
2506 2756 2608 2794 ar-

646 2837 1131 2921 gumentationes
1168 2831 1603 2912 imperfectae,
1673 2849 1933 2911 quarum
1971 2839 2174 2889 tamen
2218 2832 2609 2912 imperfectio

647 2937 974 3022 perficitur
1002 2945 1067 2996 et
1100 2934 1427 2996 reducitur
1462 2931 1543 2993 ad
1573 2929 2022 3012 syllogismum:
2064 2930 2152 2989 ita
2191 2931 2260 2996 in
2299 2935 2434 2995 istis
2473 2935 2612 2995 ani-

646 3039 907 3101 malibus
938 3035 1283 3116 imperfecti
1314 3041 1458 3093 sunt
1477 3029 1810 3111 syllogismi
1832 3047 2091 3108 operum
2106 3073 2122 3102 ‚
2167 3051 2320 3110 quae
2347 3051 2471 3091 non
2497 3033 2615 3096 ha.

648 3143 798 3201 bent
820 3137 941 3195 nisi
968 3135 1407 3216 phantasticam
1444 3129 1924 3191 aestimationem
1949 3127 2024 3188 de
2049 3133 2351 3209 operabili
2375 3133 2473 3190 vel
2500 3153 2619 3212 ap-

648 3235 920 3318 pefibili,
962 3244 1025 3293 et
1048 3235 1277 3296 habent
1296 3229 1638 3313 appetitum
1659 3227 1986 3289 facientem
2011 3230 2311 3315 impetum
2342 3230 2416 3289 ad
2441 3251 2618 3311 opus.

650 3335 771 3398 Sed
805 3335 872 3392 in
910 3337 1028 3394 hoc
1056 3333 1400 3394 differentia
1433 3339 1550 3406 est,
1607 3327 1776 3410 quod
1807 3327 2198 3410 enthymema
2226 3330 2514 3407 procedit
2541 3354 2621 3394 ex

652 3457 760 3512 ea,
799 3451 953 3513 quae
984 3433 1219 3492 est-sub
1254 3431 1620 3507 wxiuersali,
1665 3439 1854 3511 prout
1887 3439 1977 3489 est
2009 3431 2074 3488 in
2099 3429 2380 3507 pluribus
2413 3431 2521 3490 vel
2553 3431 2616 3490 in

549 3560 558 3571 ·
652 3537 967 3600 omnibus:
996 3530 1375 3614 phantastica
1399 3541 1605 3590 autem
1635 3527 1971 3590 aestimatio
1997 3545 2118 3585 non
2144 3537 2234 3586 est
2261 3526 2383 3585 nisi
2415 3549 2498 3589 ex
2527 3555 2617 3624 eo,

656 3637 822 3722 quod
844 3635 1088 3698 videtur
1118 3637 1388 3688 tantum:
1432 3641 1497 3689 et
1527 3633 1665 3692 ideo
1691 3629 2046 3708 frequenter
2087 3623 2414 3706 decipitur,
2459 3629 2620 3689 sicut

657 3758 740 3797 ex
778 3737 1147 3817 sophismate
1177 3727 1536 3790 accidentis:
1581 3731 1720 3810 quia
1760 3747 1885 3786 non
1924 3723 2209 3806 procedit
2239 3725 2358 3787 nisi
2393 3747 2471 3788 ex
2501 3727 2618 3804 his,

657 3856 809 3917 quae
848 3836 953 3896 hic
990 3843 1051 3894 et
1091 3851 1258 3892 nunc
1288 3827 1617 3905 videntur,
1673 3835 1966 3906 reputans
2005 3824 2286 3886 similiter
2329 3825 2621 3907 fugienda

716 4061 762 4114 η
787 4062 1080 4116 sperabitis-n]
1112 4061 1427 4119 honus-mle·
