2917 4959
642 521 791 592 DE
857 515 1339 632 ANIMAL.
1396 517 1687 589 HIST.
1741 523 1928 595 VIII.
2010 543 2078 597 2.·
2201 528 2350 600 525

356 705 496 779 iam
544 700 1037 780 diuidendum.
1144 699 1509 791 Quaedam
1547 704 1740 779 enim
1788 725 1855 780 et
1899 706 2250 808 recipiunt
2283 732 2352 784 et

356 836 663 913 reddunt
690 865 947 939 aquam
978 834 1219 912 eadem
1250 837 1339 912 de
1370 865 1644 931 caussa,
1699 865 1842 940 qua
1867 867 1946 914 ea
1981 871 2161 942 quae
2194 847 2348 944 spi-

355 993 511 1048 rant
532 999 767 1048 aerem
783 1029 803 1066 ,
854 973 953 1047 ob
984 971 1589 1071 refrigerationem
1621 972 1906 1049 seilicet.
2007 977 2176 1051 Alia
2211 1007 2303 1051 au
2319 1019 2348 1036 ·-

348 1127 491 1182 tem
520 1109 627 1182 ob
657 1109 919 1181 cibum.
990 1105 1291 1216 Necesse
1321 1107 1514 1180 enim
1543 1127 1664 1199 est,
1695 1129 1772 1180 vt
1797 1135 1966 1184 cum
1991 1111 2238 1184 cibum
2266 1114 2343 1186 in
2420 1149 2426 1156 ·

344 1240 652 1316 humore
690 1240 968 1338 capiant
981 1295 1003 1334 ,
1070 1239 1283 1312 simul
1314 1237 1694 1312 humorem
1723 1237 1961 1338 ipsum
1993 1243 2343 1344 hauriant,

346 1375 587 1474 itaque
618 1372 827 1448 etiam
866 1373 1171 1448 habeant
1196 1373 1740 1448 instrumentum
1757 1430 1778 1468 ,
1825 1401 1971 1474 quo
2005 1379 2338 1456 emittant.

352 1509 557 1598 Quae
602 1508 820 1608 igitur
860 1503 1165 1580 hu'more
1198 1527 1493 1583 Vtuntur
1537 1529 1874 1609 tanquam
1913 1510 2174 1588 vicario
2223 1543 2338 1589 re-

346 1642 749 1744 spirationis
762 1695 785 1736 ,
848 1638 1221 1714 branchias
1253 1640 1555 1720 hahent:
1609 1669 1791 1744 quae
1823 1665 2056 1722 autem
2099 1650 2194 1724 ob
2227 1650 2338 1724 ci·-

344 1781 515 1853 bum
532 1833 553 1871 ,
600 1774 943 1867 fistulam3
994 1801 1176 1873 quae
1208 1763 1383 1849 sunt‘
1398 1776 1732 1876 sanguine
1761 1803 2106 1856 concreta.
2209 1783 2336 1858 Si·-

346 1914 613 1990 tniliter
644 1931 880 1986 autem
914 1931 983 1984 et
1012 1910 1355 1984 mollusca
1388 1933 1459 1985 et
1491 1933 1874 1987 crustacea:
1927 1912 2106 1986 haec
2147 1917 2336 1990 enim

346 2069 635 2148 propter
662 2045 905 2120 cibum
938 2045 1079 2118 reci
1081 2045 1289 2144 pinnt
1318 2043 1716 2120 humorem.
1798 2045 2162 2146 Aquatilia
2195 2077 2329 2124 au-
2394 2045 2434 2105 5

343 2203 487 2258 tem
532 2202 699 2254 sunt
740 2179 949 2254 etiam
989 2181 1205 2253 altero
1232 2177 1449 2253 modo
1479 2201 1768 2278 propter
1798 2183 2118 2280 corporis
2147 2203 2334 2256 tem-

342 2335 833 2416 paramentum
858 2331 927 2387 et
952 2310 1236 2388 victum.
1294 2312 1499 2400 Quae
1529 2341 1693 2386 cum
1722 2341 1952 2389 aerem
1973 2317 2330 2416 recipiant,

341 2449 597 2526 viuunt
626 2467 859 2520 tamen
885 2445 958 2518 in
990 2445 1327 2520 humore:
1381 2468 1502 2520 aut
1531 2475 1720 2547 quae
1737 2449 2126 2556 humorem·
2148 2455 2332 2529 reci-

342 2586 550 2684 piunt
590 2579 1096 2680 branchiisque
1140 2601 1302 2653 sunt
1341 2580 1655 2678 praedita
1672 2637 1693 2675 ,
1745 2583 1868 2658 sed
1915 2586 2218 2685 migrant
2255 2569 2330 2660 in

340 2717 605 2794 siecum
646 2737 855 2815 atque
896 2713 1183 2813 capiunt
1211 2713 1472 2787 eibum.
1552 2715 1801 2789 Vnum
1831 2739 2064 2791 autem
2096 2719 2330 2793 visum

339 2875 440 2928 est
476 2854 651 2944 tale,
726 2875 943 2950 quem
987 2845 1363 2947 cordylum
1411 2869 1682 2922 vocant.
1799 2851 1870 2924 Ia
1917 2853 2330 2950 pulmonem

341 3013 489 3062 non
526 2983 777 3076 habet,
854 2981 981 3058 sed
1028 2977 1399 3054 branchias
1441 2980 1694 3078 habet3
1759 3011 2208 3085 egressusque
2250 2987 2328 3060 in

342 3119 609 3194 siceum
650 3113 837 3215 capit
886 3119 1169 3211 cibum3
1218 3111 1762 3219 quadrupesque
1809 3143 1909 3196 est
1955 3121 2162 3196 etiam
2181 3173 2202 3216 ,
2252 3143 2331 3198 vt

342 3255 432 3332 sit
478 3277 679 3354 aptus
720 3248 1013 3349 ingredi-
1113 3251 1394 3326 Horum
1440 3274 1672 3328 autem
1716 3256 2038 3332 omnium
2083 3277 2328 3331 natura
2447 3249 2452 3256 ’

339 3390 618 3470 videtur
646 3385 847 3489 quasi
884 3411 926 3457 a
958 3383 1231 3483 legibus
1262 3389 1644 3464 aberrasse:
1695 3417 1843 3489 quo
1873 3393 2082 3466 etiam
2111 3389 2327 3468 modo

344 3527 655 3604 mascula
700 3519 1045 3624 quaedam
1088 3521 1474 3596 foeminina
1515 3522 1866 3620 oriuntur,
1919 3547 1986 3600 et
2031 3525 2106 3596 in
2157 3549 2326 3596 sexu

338 3661 687 3737 foemineo
734 3658 1121 3732 masculina
1162 3657 1359 3732 faeie.
1457 3659 1738 3732 Etenim
1777 3659 2162 3734 animantes
2205 3653 2328 3728 ad·

344 3819 541 3896 eptae
584 3795 823 3894 paruis
862 3795 937 3867 in
966 3793 1301 3870 membris
1334 3791 1802 3870 differentiam
1819 3847 1840 3888 ‚
1894 3791 2176 3868 differre
2205 3811 2324 3866 to-

342 3932 483 4006 tius
522 3952 769 4006 natura
795 3930 1107 4028 corporis
1140 3929 1488 4006 videntur.
1591 3929 1755 4005 Hoc
1793 3927 2082 4008 euidens
2113 3944 2213 4000 eet
2242 3923 2318 3999 in
2381 3938 2422 4000 6

340 4044 625 4144 exectis:
692 4063 946 4165 pusilla
1007 4091 1311 4166 namque
1352 4065 1697 4164 particula
1747 4061 2063 4138 mutilata
2078 4115 2104 4158 ‚
2151 4087 2320 4134 mu-

1411 4199 1489 4269 X
1542 4219 1586 4268 2
