2917 4959
571 460 721 529 402.
1181 440 1966 517 ARISTOTELIS

572 662 769 713 terna
798 634 1143 737 quinauel,
1218 626 1327 703 Ex
1360 624 1747 729 symphyto
1790 622 2046 699 nidum
2087 623 2254 698 facit
2289 622 2554 697 radici-

574 797 688 849 tus
721 790 1017 847 extracto
1036 818 1059 859 ‚
1111 782 1556 839 constemens
1601 761 1754 858 pilo
1801 781 1872 833 et
1899 759 2078 834 lana.
2179 759 2346 833 Hoc
2369 756 2561 831 idem

577 909 739 985 facit
774 926 842 977 et
864 903 1135 977 merula
1166 919 1238 973 et
1276 900 1433 999 pioe
1448 952 1471 991 ‚
1523 916 1730 995 atque
1759 916 1849 967 ex
1879 893 1994 967 his
2025 895 2299 968 interna
2343 890 2564 967 nido-

576 1070 735 1117 rum
776 1054 1213 1113 construunt.
1342 1026 1788 1106 Anificiosus
1835 1025 2322 1131 acanthyllidis
2366 1052 2566 1125 quo-

576 1203 716 1277 que
741 1170 956 1271 nidup
994 1192 1128 1245 est:
1172 1170 1476 1243 intextus
1503 1163 1692 1237 enim
1725 1184 1828 1237 δι
1855 1158 2148 1261 perinde
2175 1182 2386 1259 atque
2413 1160 2564 1259 pila

577 1313 765 1387 linea
779 1363 802 1404 ,
868 1305 1028 1401 (lini
1058 1301 1355 1377 surculis
1404 1300 1758 1399 Scaliger
1769 1348 1794 1385 ,
1843 1295 2048 1371 lineis
2094 1296 2232 1369 filis
2288 1294 2570 1391 Gaza‚)

536 1494 542 1501 .
585 1464 879 1543 angusto
926 1437 1135 1517 aditu.
1268 1432 1496 1508 Aiunt
1539 1430 1750 1507 etiam
1793 1432 2328 1505 cinnamomum
2369 1456 2576 1504 auem

588 1604 733 1653 esse
761 1604 846 1649 ex
874 1573 1049 1647 locis
1078 1570 1254 1655 illis,
1300 1593 1594 1667 eamque
1621 1563 1946 1639 alicunde
1971 1564 2156 1638 ferre
2185 1562 2386 1663 quod
2413 1565 2572 1635 cin-

590 1734 999 1785 namomum
1028 1722 1317 1782 vocant:
1380 1728 1466 1775 ex
1497 1725 1580 1773 eo
1627 1698 1766 1774 sihi
1795 1699 2048 1775 nidum
2091 1698 2460 1775 aedificare
2497 1697 2574 1768 iu

590 1845 732 1917 alto
743 1894 767 1928 ‚
814 1862 882 1917 et
920 1842 1257 1914 arborum
1300 1836 1512 1909 ramis
1555 1834 1986 1935 impositum.
2103 1835 2380 1909 lunulas
2417 1854 2578 1931 apto

596 1976 687 2051 ad
718 1975 991 2075 sagittas
1018 1974 1319 2073 plumbo
1350 1970 1648 2048 deiicere
1664 2025 1686 2063 ,
1732 1991 1945 2070 atque
1991 1969 2088 2043 ita
2127 1994 2210 2043 ex
2251 1988 2578 2066 congesto

596 2112 937 2211 (reliqua
973 2110 1141 2179 nidi
1170 2104 1546 2202 materia)
1593 2106 1880 2204 seligere
1911 2104 2442 2179 cinnamomum.

702 2345 939 2420 CAP.
994 2346 1167 2418 XV.
1250 2344 1494 2443 (vulgo
1545 2342 1754 2419 XIV.
1837 2342 2195 2443 Scaliger-o
2237 2340 2478 2435 XXI.)

622 2578 629 2585 .
752 2509 1025 2587 Alcedo
1060 2536 1334 2608 passere
1361 2508 1562 2583 haud
1587 2512 1814 2587 maior
1843 2532 1976 2587 est:
2025 2509 2344 2585 colorem
2371 2508 2586 2583 habet

610 2645 1013 2725 caeruleum
1054 2665 1127 2719 et
1175 2643 1450 2717 luteum
1501 2664 1568 2719 et
1607 2640 2200 2743 'subpurpurenm
2258 2645 2580 2719 mixtum.

610 2784 787 2857 Tale
806 2809 935 2857 -cor
936 2805 1069 2879 pus
1101 2799 1327 2852 totum
1357 2797 1427 2852 et
1458 2777 1606 2851 alae
1621 2832 1642 2873 ,
1691 2796 1846 2852 tum
1886 2777 2056 2853 colli
2109 2798 2334 2876 partes
2350 2831 2371 2871 ‚
2442 2806 2582 2852 non

613 2942 925 2991 seorsum
964 2912 1211 3011 positis
1254 2912 1632 2987 coloribus.
1761 2913 2100 2987 Rostrum
2157 2914 2578 3003 sublu'temn,

610 3052 941 3147 longum,
1015 3068 1243 3125 tenue.
1357 3046 1556 3121 Talis
1619 3047 1768 3121 eius
1823 3045 2088 3147 species
2146 3069 2291 3122 est:
2375 3046 2592 3121 nidus

616 3203 847 3261 autem
868 3182 1012 3257 fere
1026 3181 1275 3255 similis
1308 3179 1596 3253 marinis
1627 3180 1816 3278 pilis,
1849 3176 1921 3256 et
1946 3210 2118 3281 quas
2131 3182 2582 3257 halosachnas

614 3284 898 3409 nocant,
950 3316 1191 3391 colore
1212 3335 1486 3393 tantum
1517 3314 1812 3393 distans:
1863 3321 2200 3393 submfus
2227 3317 2418 3393 enim
2463 3337 2583 3390 est.

616 3450 873 3549 Figura
890 3470 1345 3547 repraesentat
1376 3452 1794 3548 cucurbitas,
1845 3455 2098 3552 quibus
2123 3452 2414 3549 longum
2441 3450 2588 3521 col-

616 3586 771 3659 lum
808 3606 929 3679 est,
962 3585 1286 3659 maximis
1314 3586 1622 3685 spongiis
1657 3589 1918 3662 maior:
1947 3612 2344 3686 quanquam
2370 3584 2588 3656 simul

621 3720 741 3792 alii
762 3720 973 3794 etiam
996 3721 1322 3794 minores.
1392 3718 1658 3795 Omnes
1691 3746 1918 3797 autem
1935 3720 2242 3821 consepti
2259 3740 2326 3795 et
2341 3716 2590 3793 adstri-

620 3854 713 3931 cti
730 3850 1077 3929 soliditate
1089 3874 1156 3928 et
1186 3853 1464 3927 ran-itate
1489 3857 1731 3929 crebra
1761 3878 2096 3932 constant.
2144 3854 2344 3931 Ferri
2364 3854 2588 3929 aciem

620 4016 765 4065 non
778 3988 921 4091 pito
934 3990 1217 4091 patitur,
1264 3986 1389 4063 sed
1410 4014 1746 4093 percussu.
1769 4013 1838 4065 et
1865 4020 2204 4067 manuum
2235 3992 2307 4068 vi
2333 3989 2589 4069 celeri-
