2917 4959
665 445 752 513 26
1256 438 1995 508 ARISTOTELIS

653 626 990 727 quaedam
1035 650 1178 696 non
1225 624 1499 699 habent.
1604 626 1697 699 Et
1742 626 1861 697 illa
1898 623 2188 723 quidem
2232 648 2350 699 aut
2386 630 2619 734 binoS,

654 786 727 839 vt
753 762 1006 850 homo,
1059 780 1128 831 et
1157 760 1306 833 auis
1339 763 1505 834 sola.
1608 760 1771 833 Alia
1804 781 2210 858 quater-1108,
2260 781 2337 836 vt
2365 763 2615 837 lacerta

651 917 718 968 et
781 862 983 966 canis.
1087 894 1248 965 Alia
1303 897 1576 993 plureS,
1644 916 1721 969 vt
1784 894 2235 993 scolopendra
2298 918 2370 969 et
2428 912 2617 1004 apes.n

549 1048 588 1091 2
656 1030 914 1104 Omnia
959 1052 1186 1102 autem
1231 1056 1426 1127 pares
1470 1028 1728 1102 habent
1774 1029 1998 1129 pedes.
2101 1030 2187 1101 In
2232 1032 2615 1105 natantium

643 1192 892 1265 genere
921 1190 1096 1265 quae
1121 1162 1414 1262 pedibus
1447 1185 1710 1257 carent,
1762 1165 1893 1237 alia
1926 1165 2173 1263 pinnas
2203 1164 2495 1256 habent,
2539 1186 2613 1241 vt

641 1303 887 1401 pisces.
955 1301 1281 1387 Quorum
1315 1298 1605 1396 quidam
1636 1322 1999 1399 quaternas
2014 1354 2035 1391 ,
2088 1299 2285 1371 binas
2322 1298 2614 1399 quidem

539 1482 545 1489 ·
647 1435 740 1508 in·
757 1435 1028 1535 supinis
1043 1434 1469 1531 (supernis),
1488 1434 1685 1505 binas
1718 1436 1791 1505 in
1822 1436 2061 1530 pronis
2081 1435 2612 1532 (inferioribus)

639 1571 956 1669 partibus
973 1623 992 1658 ,
1024 1590 1099 1643 vt
1123 1590 1356 1641 aurata
1383 1592 1450 1641 et
1476 1568 1705 1665 lupus,
1778 1565 2085 1653 Quidam
2112 1565 2287 1637 duas
2306 1590 2608 1661 tantum3

643 1701 928 1798 oblongi
977 1701 1236 1775 scilicet
1285 1723 1350 1774 et
1399 1704 1625 1775 laeues
1639 1758 1659 1794 ,
1736 1722 1811 1776 vt
1860 1702 2165 1799 anguilla
2214 1720 2283 1770 et
2331 1728 2604 1797 conger.

639 1838 806 1909 Alia
854 1861 1021 1909 vero
1073 1837 1362 1910 omnino
1425 1856 1655 1909 carent
1706 1835 1974 1932 pinnis,
2041 1856 2114 1909 vt
2162 1862 2488 1907 muraena
2540 1856 2623 1913 et,

641 1998 1096 2071 quaecunque
1127 1972 1301 2043 mari
1333 1992 1644 2062 Vtuntur,
1696 1968 2291 2079 quemadmodum
2318 1995 2607 2065 serpen-

635 2127 740 2182 tes
771 2128 948 2179 terra
966 2161 986 2198 ,
1039 2106 1164 2204 qui
1193 2128 1262 2177 et
1291 2106 1367 2176 in
1397 2131 1578 2205 aqua
1608 2107 1821 2177 simili
1856 2103 2069 2179 modo
2097 2124 2349 2177 natant„
2418 2102 2607 2175 Inter

639 2242 1080 2339 cartilaginea
1144 2240 1481 2313 nonnulla
1534 2241 1769 2339 pinnis
1832 2262 2097 2330 carent,
2176 2220 2439 2310 seilicet
2486 2220 2604 2327 ea,

639 2400 817 2471 quae
865 2375 1070 2469 plana
1103 2396 1266 2463 sunt
1303 2396 1370 2445 et
1405 2374 1730 2463 caudata,
1783 2376 1999 2449 veluti
2044 2374 2189 2444 raia
2230 2371 2507 2467 (batos)
2538 2390 2606 2443 et

635 2506 1017 2605 pastinaca3
1071 2503 1192 2577 sed
1236 2506 1388 2601 ipsa
1439 2502 1805 2575 latitudine
1852 2526 2104 2575 natant.
2210 2505 2312 2572 At
2344 2532 2508 2577 vero
2538 2525 2606 2577 et

637 2668 804 2713 rana
847 2638 1060 2711 habet
1105 2657 1172 2710 et
1213 2638 1382 2730 alia,
1435 2664 1744 2736 quorum
1786 2638 2107 2735 planities
2136 2662 2279 2708 non
2316 2636 2458 2707 exit
2492 2658 2601 2709 te-

531 2797 572 2858 3
643 2776 819 2847 nuis.
929 2773 1406 2870 Quaecunque
1472 2798 1635 2847 vero
1684 2770 1893 2871 pedes
1952 2770 2209 2843 hahere
2256 2768 2635 2872 videntur,-

633 2904 1232 3005 quemadmodum
1255 2926 1321 2977 et
1349 2934 1448 2999 ea,
1477 2934 1657 3005 quae
1684 2908 2025 2985 mollusac
2054 2904 2503 3003 appellatum,
2534 2925 2603 2975 et

631 3040 799 3139 ipsis
849 3038 1146 3138 pedibus
1195 3062 1362 3113 nant
1413 3062 1481 3114 et
1530 3042 1798 3140 pinnis,
1858 3062 1927 3137 et
1980 3018 2265 3111 celerius
2312 3037 2603 3133 quidem

629 3200 865 3249 versus
915 3202 1202 3274 corpus,
1306 3176 1497 3251 velut
1542 3176 1767 3274 sepia,
1876 3176 2091 3272 loligo
2140 3196 2207 3247 et
2256 3141 2600 3275 polfpu⁵3

629 3332 934 3402 quorum
978 3332 1304 3384 neutrum
1349 3308 1777 3407 ingreditur,
1847 3334 1921 3387 vt
1972 3313 2289 3412 polypus.
2398 3306 2601 3389 Quae

627 3461 859 3513 autem
900 3440 1080 3515 duro
1123 3446 1316 3518 corio
1353 3466 1593 3553 operta
1644 3468 1805 3518 sunt
1821 3502 1841 3539 ,
1891 3466 1969 3520 vt
2028 3446 2323 3530 locusta,
2342 3428 2597 3510 'cauda

625 3594 898 3667 natant,
950 3578 1380 3653 velocissime
1419 3548 1708 3672 quidern
1744 3602 2122 3655 retrorsum
2164 3600 2296 3669 ope
2332 3571 2591 3669 pinna-

625 3738 818 3801 rum,
888 3735 1069 3815 quae
1111 3710 1202 3783 ad
1242 3709 1535 3785 caudam
1576 3738 1757 3787 sunt.
1864 3714 2220 3785 Praeterea
2264 3704 2595 3806 cordylus

551 3888 558 3895 ·
627 3864 694 3915 et
727 3843 944 3916 cauda
994 3866 1060 3918 et
1101 3846 1397 3944 pedibus
1433 3868 1637 3919 natat.
1710 3848 1975 3919 .Habet
2010 3864 2239 3917 autem
2274 3839 2588 3927 caudam,

629 3980 906 4068 qualem
961 3982 1181 4079 glanis
1197 4034 1220 4077 ,
1271 3980 1332 4055 si
1371 3983 1639 4079 magnis
1682 3982 1842 4059 lioet
1891 4006 2111 4079 parua
2148 3996 2579 4075 componere.
