2917 4959
506 521 645 592 DE
695 520 1169 595 ANIMAL.
1222 524 1492 594 HIST.
1525 525 1710 600 Vm.
1761 549 2115 604 10.—-12.
2201 536 2334 606 541

380 705 528 803 ipsa
572 704 731 778 olet.
786 702 1034 778 Bou‘es
1079 733 1333 804 puram
1373 705 1759 806 quaerunt,
1805 739 2020 810 quam
2055 713 2339 798 hibant:

377 857 449 912 at
491 838 693 938 equi,
768 858 843 914 vt
886 841 1148 916 cameli.
1250 839 1325 914 N
1326 867 1443 914 am
1491 845 1756 918 camelo
1802 848 2084 922 suauior
2131 871 2340 948 potus

378 971 696 1048 turbidus
726 999 807 1046 ac
836 974 1117 1049 crass'us·
1222 973 1476 1074 Neque
1502 976 1590 1050 de
1615 979 1839 1053 fluuio
1877 1001 2074 1079 potat
2105 981 2345 1080 prius-

368 1133 585 1205 quam
622 1107 1077 1182 conturbarit.
1152 1106 1357 1180 .Sine
1390 1128 1566 1206 potu
1607 1108 1859 1184 durare
1885 1129 2114 1210 potest
2135 1117 2344 1192 etiam

338 1240 523 1316 -dies
552 1248 887 1340 quatuor:
934 1260 1097 1339 post
1126 1265 1303 1340 quos
1332 1239 1588 1316 deinde
1615 1242 1798 1318 bibit
1828 1245 2222 1344 largissime.

534 1477 596 1551 C
625 1477 695 1550 A
726 1475 804 1552 P.
870 1475 1001 1550 XI.
1073 1477 1319 1576 (vulgo
1390 1476 1526 1552 IX.
1593 1479 1948 1578 Scaligero
2013 1481 2215 1573 XII.)

470 1641 897 1746 Elephantus
926 1641 1214 1741 quidem
1254 1672 1417 1718 cum
1450 1646 1840 1744 plurimum
1869 1647 2016 1724 edit
2049 1647 2338 1747 (hot-dei
2441 1673 2448 1680 ·

373 1779 593 1850 addit
624 1777 1009 1852 Aelianus
1020 1777 1091 1874 ‚)
1126 1777 1618 1854 Macedonicos
1663 1779 1940 1855 modios
1983 1811 2337 1882 nouenos·,

342 1912 489 1988 ·sed
517 1913 593 1986 id
624 1941 769 1988 non
802 1913 951 1986 sine
982 1912 1321 2010 periculo.
1423 1913 1700 1986 Verum
1733 1913 1820 1985 ad
1849 1943 2205 1993 summum
2233 1947 2338 1994 se-

360 2075 492 2124 nos
523 2069 966 2150 septenoeue:
1019 2045 1283 2119 farinae
1322 2045 1614 2145 quinos:
1665 2046 1816 2122 vini
1845 2047 2138 2125 totidem
2180 2079 2339 2126 ma-

338 2211 499 2258 ·ros.
606 2184 815 2280 Capit
842 2207 1079 2254 marus
1110 2177 1433 2252 heminas
1459 2207 1595 2252 sex.
1643 2239 1652 2248 .
1701 2181 1931 2256 Semel
1961 2185 2135 2262 olim
2163 2187 2338 2284 qui..

364 2316 527 2390 dam
574 2313 984 2414 elephantus
1006 2313 1203 2386 bibit
1249 2339 1468 2412 aquae
1493 2333 1812 2388 metretas
1846 2315 2334 2393 Macedonicas

337 2448 925 2551 ·quatuordecim;
979 2467 1049 2520 et
1096 2473 1379 2546 vespere
1424 2469 1776 2547 praeterea
1816 2471 1995 2524 octo.
2099 2453 2330 2526 Pleri-

334 2613 499 2686 que
529 2613 568 2659 e
600 2583 877 2658 camelis
899 2582 1151 2656 viuunt
1178 2608 1398 2656 annos
1428 2584 1700 2658 circiter
1727 2584 2062 2660 tricenos:
2103 2587 2328 2685 aliqui

352 2721 581 2794 multo
608 2719 880 2816 plures:
916 2717 1181 2814 quippe
1210 2714 1300 2790 ad
1330 2717 1802 2790 centesimum.
1855 2716 2327 2814 Elephanmm

352 2875 516 2928 sunt
546 2855 672 2953 qui
702 2871 1039 2927 trecentos
1068 2876 1287 2925 annos
1318 2847 1598 2926 dicunt:
1651 2849 1770 2924 alii
1801 2847 2156 2926 ducentos.

459 3089 521 3160 c
549 3087 619 3160 A
647 3087 723 3160 P.
806 3032 1305 3188 an<vu1g0
1370 3088 1472 3162 x,
1555 3083 1906 3184 scaligero
1968 3083 2221 3186 xm.)

504 3255 701 3330 oues
746 3279 1131 3353 capraeque
1171 3255 1407 3330 herbis
1438 3273 1834 3344 vescuntur-
1932 3250 2319 3328 Pascuntur

350 3417 520 3468 oues
549 3388 873 3465 asseduae
900 3409 969 3462 et
996 3389 1225 3461 stabili
1252 3417 1470 3489 grege.
1537 3389 1802 3485 Caprae
1833 3385 2132 3463 subinde
2161 3417 2319 3464 mu-

350 3548 565 3601 tantes
610 3525 767 3601 loca
783 3580 806 3619 ‚
856 3545 927 3599 et
962 3549 1237 3597 summa
1268 3513 1981 3624 quaeque-carpentes
2021 3543 2312 3598 tannim.

348 3661 743 3758 Pinguescit
764 3660 923 3734 ouis
950 3679 1127 3758 potu
1152 3659 1472 3734 maxime.
1537 3655 1816 3732 Idcirco
1839 3683 1966 3756 per
1996 3677 2316 3732 aestatem

349 3793 513 3868 salis
542 3791 713 3866 dant
738 3795 989 3890 quinto
1016 3820 1301 3894 quoque
1328 3791 1447 3868 die
1469 3790 1774 3866 centenis
1809 3789 2152 3885 modium,
2171 3819 2318 3892 quo

354 3954 518 4025 grex
554 3946 623 3999 et
650 3922 901 4000 melius
938 3928 1161 4004 valeat
1190 3949 1258 4002 et
1284 3929 1618 4030 pinguior
1647 3926 1754 4000 sit.
1855 3924 2078 4024 Saepe
2105 3925 2316 4000 etiam

354 4061 554 4136 salito
582 4045 843 4161 pabiilo
870 4059 971 4134 sic
994 4061 1359 4162 exhibent,
1380 4089 1457 4144 vt
1483 4067 1560 4144 in
1585 4060 1801 4164 Paleis
1823 4059 1982 4138 salis
2007 4059 2314 4138 multum
