2917 4959
620 469 765 540 586
926 499 935 509 ·
1223 456 1964 535 ARlsTfOTELIs

626 651 751 726 das
766 708 786 744 ‚
842 648 1027 721 illico
1065 639 1371 715 restitant
1403 638 1578 713 aliae
1607 638 1924 749 stupidae
1955 662 2330 739 spectantes
2357 645 2580 720 illam.

628 776 1130 879 Frigidioribus
1172 774 1341 849 locis
1372 772 1704 846 libentius
1738 776 1997 849 cubant
2031 804 2216 853 oues.
2317 779 2593 879 Caprae

628 936 851 991 autem
889 910 1048 1009 plus
1090 906 1446 981 ruminant
1465 960 1486 999 ‚
1537 925 1606 979 et
1637 906 1904 979 facilius
1942 896 2285 985 accedunt
2310 911 2404 986 ad
2437 913 2588 988 ho-

627 1050 919 1123 minem:
966 1061 1037 1119 et
1080 1039 1353 1139 aegrius
1387 1039 1621 1114 ferunt
1663 1041 1896 1138 frigus·
1997 1042 2461 1121 Instituuntur
2491 1049 2588 1117 ab

622 1179 1058 1281 opilionibus
1086 1200 1253 1247 oues
1268 1230 1289 1267 ,
1320 1193 1397 1249 vt
1428 1173 1794 1273 strepitum
1817 1174 2030 1247 cienti
2060 1199 2581 1277 congregentur.

626 1317 817 1393 Nam
846 1288 1131 1387 tonante
1156 1308 1369 1384 coelo
1382 1310 1443 1381 si
1469 1336 1610 1408 qua
1635 1334 2016 1408 praegnans
2043 1313 2331 1385 seorsim
2347 1310 2592 1410 depre-

628 1447 1013 1537 hendatur,
1049 1468 1277 1543 neque
1313 1464 1718 1538 concurrat,
1773 1444 2095 1517 abortum
2137 1445 2324 1519 facit.
2377 1446 2586 1533 Quae

630 1606 864 1657 caussa
900 1600 999 1653 est
1013 1634 1034 1673 ‚
1065 1595 1141 1654 vt
1167 1578 1374 1652 etiam
1402 1576 1597 1652 domi
1614 1632 1635 1671 ,
1679 1576 1973 1677 strepitu
2001 1576 2328 1654 exaudito
2341 1634 2364 1674 ,
2405 1606 2586 1653 con-

632 1718 911 1792 veniant
943 1739 1027 1787 ex
1055 1710 1570 1788 consuetudine.
1623 1710 1940 1809 [Etiam
1978 1690 2228 1799 tauri,
2262 1734 2425 1783 cum
2454 1734 2581 1780 ne-

622 1854 879 1945 glecto
920 1860 1262 1919 armento
1294 1845 1712 1918 errabundi
1707 1845 2111 1940 seruntur,
2163 1870 2218 1916 a
2229 1846 2446 1937 seris
2462 1848 2584 1939 ,in-

630 1981 1161 2080 terficiuntur]
1188 1982 1637 2055 Decumbunt
1663 2001 1818 2053 tum
1839 1992 2007 2055 oues
2033 2000 2184 2055 tum
2214 2008 2456 2080 caprae
2481 1982 2588 2053 si-

628 2117 781 2193 mul
806 2136 1090 2191 cunctae
1121 2143 1247 2215 per
1272 2144 1397 2188 sua
1420 2142 1666 2215 genera
1701 2140 2033 2214 quaeq-ue.
2065 2115 2216 2213 (per
2237 2115 2586 2213 cognatio-

627 2278 791 2323 nem
830 2251 1100 2341 Gaza.)
1148 2249 1261 2323 De
1285 2270 1606 2348 vergente
1631 2250 1780 2325 sole
1807 2250 2039 2323 statim
2063 2248 2260 2323 aiunt
2282 2268 2590 2347 pastores

624 2404 895 2454 auersas
923 2384 1103 2453 inter
1118 2406 1192 2455 se
1220 2408 1482 2480 capraS,
1529 2411 1674 2457 non
1702 2383 2010 2457 aduersis
2043 2385 2286 2477 oculis,
2315 2384 2598 2457 cubare.

1087 2615 1149 2689 c
1179 2612 1250 2687 A
1279 2616 1355 2689 P.
1454 2616 1548 2691 v.
1648 2618 1886 2716 (vulgo
1983 2619 2148 2715 lv.)

658 2814 665 2821 ·
770 2782 1001 2857 Boues
1030 2804 1099 2856 et
1128 2809 1259 2881 per
1283 2784 1634 2859 societates
1665 2804 1732 2859 et
1762 2812 1941 2887 quae
1969 2786 2106 2859 sibi
2135 2786 2440 2860 inuicem
2463 2814 2580 2860 as—

623 2930 1001 2987 s'ueuerunt
1039 2912 1252 2987 simul
1298 2940 1697 3015 pascuntur.
1795 2918 2033 3017 Atque
2073 2944 2317 2994 earum
2344 2950 2478 3000 vna
2523 2924 2583 2995 si

620 3045 1051 3123 aberrauerit
1064 3102 1085 3141 ‚
1135 3068 1288 3121 tum
1336 3074 1490 3122 eam
1535 3072 1793 3123 ceterae
1829 3072 2358 3150 consequentur.
2457 3054 2586 3129 ld-

618 3178 807 3252 circo
831 3179 1159 3276 bubulci,
1178 3206 1387 3255 vnam
1430 3183 1492 3254 si
1533 3180 1907 3274 amiserint,
1961 3211 2204 3261 omnes
2241 3208 2584 3287 praeterea

619 3309 953 3383 continuo
986 3313 1468 3411 pemestigant.
1519 3314 1753 3389 Etiam
1787 3315 2010 3411 tauri,
2059 3346 2218 3391 cum
2268 3322 2582 3418 neglecto

622 3462 935 3515 armento
961 3442 1339 3517 errabundi
1372 3446 1696 3521 feruntur
1713 3502 1734 3541 ‚
1784 3476 1824 3521 a
1852 3452 2018 3525 feris
2049 3451 2576 3525 interficiuntur.

620 3573 1098 3649 Armentariae
1128 3600 1345 3674 equae
1378 3600 1649 3667 autem,
1689 3582 1749 3654 si
1789 3584 1993 3657 altera
2025 3583 2342 3683 perierit,
2393 3583 2584 3659 edu-

618 3726 776 3780 cant
801 3708 1043 3807 pullos
1065 3707 1243 3781 inter
1269 3736 1359 3783 se.
1410 3714 1596 3791 Sane
1628 3718 1817 3792 enim
1841 3738 2068 3793 totum
2095 3720 2439 3820 equinum
2469 3746 2584 3820 ge·

617 3865 749 3913 nus
791 3837 1066 3949 videtur
1117 3868 1261 3917 esse
1310 3866 1553 3922 natura
1607 3852 1988 3951 benignum
2033 3880 2192 3953 erga
2237 3848 2573 3929 sobolem.

558 3954 569 3963 ’
620 3973 840 4047 Cuius
886 3974 985 4051 rei
1022 3972 1300 4075 signum
1340 4002 1478 4077 est,
1541 3984 1741 4082 quod
1780 4012 2284 4086 saepenumero·
2318 3986 2576 4061 steriles
2647 3996 2650 4001 ’
