2917 4959
551 417 647 488 56
1142 391 1900 470 ARISTOTELIS
1951 447 1960 452 .

464 611 539 674 ιδ
560 595 779 673 Latos
810 594 897 666 ab
930 585 1149 662 acutis
1194 578 1681 655 disterminant
1715 574 1768 645 ii
1785 629 1806 668 ,
1859 601 2040 673 quos
2077 569 2366 645 caninos
2399 597 2534 646 vo..

562 753 759 823 cant,
810 744 1273 816 vtrorumque
1300 719 1569 812 figurae
1599 708 2007 810 participes:
2058 705 2200 778 ima
2240 703 2430 778 enim
2461 704 2541 776 in

564 883 759 968 parte
804 858 929 928 lati
977 874 1173 948 sunt,
1246 840 1323 924 in
1371 872 1648 922 summo
1691 839 1892 916 acuti.
2009 841 2195 914 Sunt
2229 838 2545 912 maribus

568 998 827 1099 plures.
847 1017 1064 1090 quam
1090 985 1411 1062 femellis
1410 1039 1431 1076 ‚
1499 1001 1644 1052 tam
1674 980 1752 1051 in
1782 974 2191 1050 hominibus
2225 1000 2442 1072 quam
2469 972 2548 1045 in

570 1155 825 1232 peoore
870 1147 1025 1198 tum
1068 1122 1317 1197 ouium
1350 1139 1504 1190 tum
1545 1139 1914 1213 caprarum
1957 1129 2112 1179 tum
2141 1135 2542 1207 porcorum,

577 1265 769 1340 Nam
836 1261 911 1333 in
980 1258 1135 1332 aliis
1177 1251 1503 1328 nondum
1549 1250 2000 1336 obseruatum
2045 1261 2164 1316 est.
2271 1241 2550 1328 Quibus

580 1398 818 1498 plures
882 1413 1082 1485 sunt,
1161 1414 1408 1464 eorum
1469 1405 1757 1479 magnae
1819 1379 2006 1478 parti
2053 1377 2200 1454 vita
2243 1376 2554 1474 longior:

584 1531 844 1630 quibus
877 1523 1241 1624 pauciores
1274 1515 1396 1594 aut
1418 1515 1561 1590 rari
1576 1570 1598 1610 ‚
1649 1513 1958 1588 breuior.

1210 1653 1491 1752 [Vulgo
1591 1649 1671 1721 C.
1775 1644 1948 1742 IV.]

496 1807 589 1890 14·
746 1793 1091 1870 Omnium
1156 1785 1488 1888 postremi
1549 1782 1880 1857 oriuntur
1947 1731 2347 1854 maxillares
2411 1778 2525 1852 illi
2541 1836 2562 1872 ,

594 1956 774 2030 quos
824 1927 1159 2028 genuinos
1208 1938 1496 2009 vocant,
1563 1912 1897 1991 vicesimo
1951 1912 2135 1985 vitae
2185 1941 2374 1989 anno
2423 1937 2570 1988 tam

596 2064 751 2139 viro
786 2089 1003 2162 quam
1034 2053 1350 2130 mulieri:
1399 2075 1807 2151 quanquam
1855 2047 2311 2144 octogenariis
2353 2049 2572 2122 femi-

597 2198 710 2278 nis
751 2185 1065 2296 aliquot,⁶
1122 2190 1291 2262 item
1334 2186 1506 2263 viris
1551 2183 1692 2258 orti
1741 2201 1906 2256 sunt
1947 2181 2124 2256 olim
2169 2183 2248 2255 in
2292 2183 2574 2258 sedibus

602 2329 865 2404 vltimis
892 2327 1201 2398 maximo
1230 2349 1396 2394 cum
1422 2319 1697 2408 dolore.
1801 2317 1963 2404 Hoc
1994 2337 2267 2410 autem,
2309 2318 2570 2418 quibus

602 2461 679 2534 in
704 2462 991 2536 iuuenta
1016 2456 1164 2530 nati
1194 2481 1337 2528 non
1364 2450 1628 2522 fuerim
1644 2502 1665 2539 ‚
1717 2447 2000 2520 euenire
2030 2451 2227 2522 solet.

1243 2581 1520 2682 [Vulgo
1623 2579 1705 2652 C.
1807 2580 1940 2680 V.]

509 2762 583 2826 25
758 2725 1155 2827 Elephanto
1204 2714 1528 2820 quaterni
1572 2713 1904 2814 vti-inque
1943 2735 2138 2809 sunt,
2189 2714 2454 2814 quibus
2501 2715 2580 2789 in

603 2863 869 2936 farinae
903 2856 1200 2932 modum
1232 2849 1434 2952 quasi
1466 2850 1658 2922 mola
1687 2850 1931 2937 cibum
1963 2847 2264 2924 conficit.
2357 2848 2580 2944 Prae-

604 3018 711 3071 ter
740 2995 874 3070 hos
899 2993 1115 3067 hahet
1136 2988 1313 3062 alios
1338 2983 1518 3058 duos
1545 2985 1709 3058 illos
1738 2983 2066 3082 magnos}
2111 3010 2259 3056 mas
2289 2981 2585 3083 quidem

557 3171 563 3176 -
606 3155 893 3227 magnos
929 3148 997 3203 et
1030 3149 1311 3198 sursum
1342 3144 1656 3210 auersos,
1725 3119 1982 3192 femina
2018 3145 2276 3218 paruos
2307 3139 2378 3192 et
2403 3147 2585 3194 oon-

604 3263 823 3337 trario
873 3262 1010 3335 situ
1027 3317 1048 3355 ,
1111 3283 1326 3359 quam
1374 3279 1561 3346 mas;
1629 3250 1961 3326 deorsum
2011 3252 2201 3326 enim
2248 3269 2578 3351 spectant.

606 3396 859 3472 Statim
891 3416 1094 3468 natus
1127 3391 1377 3486 dentes⁸
1412 3384 1662 3481 habet3
1711 3387 1826 3462 sed
1879 3387 2170 3486 grandes
2199 3385 2364 3458 illos
2393 3409 2584 3457 non-

608 3531 783 3607 dum
809 3525 1224 3628 conspicuos
1254 3549 1383 3622 per
1416 3517 1634 3593 initia.

1228 3662 1507 3762 [Vulgo
1609 3658 1689 3732 C.
1798 3654 1963 3754 VL]
2073 3671 2080 3685 “

624 3909 629 3914 θ
756 3797 1121 3896 Linguam
1142 3825 1312 3873 vero
1354 3819 1652 3895 paruam
1699 3787 2086 3864 admodum
2119 3810 2330 3889 atque
2361 3788 2438 3863 in
2471 3811 2588 3860 re-

606 3956 801 4003 cessu
816 3985 839 4026 ,
890 3933 1009 4026 vix
1042 3951 1117 4006 vt
1147 3930 1339 4023 cerni
1371 3947 1599 4030 queat.
