2917 4959
656 498 749 568 92
1256 467 2062 541 ARISTOTELIS·

647 661 1005 761 percipere
1045 673 1267 753 potest
1306 653 1383 726 in
1422 653 1870 753 corporibus,
1923 661 2102 752 quae
2133 675 2328 728 amm
2357 655 2618 732 fuerint

646 795 727 868 in
750 792 1039 866 maciem
1064 811 1409 862 attenuata
1436 811 1506 863 et
1533 809 1767 864 necata
1797 790 2265 864 suffocatione.
2357 789 2460 863 At
2489 795 2618 867 xre-2

646 953 897 1000 narum
926 945 1171 998 natura
1200 926 1297 998 sic
1328 951 1476 998 sese
1507 923 1734 998 habet.
1837 923 2042 996 Duae
2068 923 2143 995 in
2185 944 2462 1022 pectore
2489 953 2616 1001 ve·-

644 1085 775 1134 nae
811 1058 1003 1130 intus
1044 1059 1233 1156 apud
1279 1060 1554 1157 spinam
1591 1059 1758 1134 sitae
1805 1075 2003 1150 suut3
2057 1057 2262 1130 altera
2303 1061 2382 1134 iu
2415 1081 2616 1134 ante·-

648 1193 831 1272 riore
860 1213 1051 1291 parte
1080 1193 1326 1284 maior,
1376 1193 1586 1266 altera
1617 1218 1800 1291 pone
1831 1190 2030 1265 illam
2059 1191 2310 1266 minor.
2379 1189 2614 1274 Maior

646 1327 1053 1405 dexterioris
1084 1326 1266 1400 sedis
1298 1329 1455 1424 plus
1489 1347 1819 1424 occupat,
1871 1326 2104 1398 minor
2133 1323 2615 1400 sinisterioris:

644 1465 847 1538 cuius
880 1483 1105 1561 partes
1124 1486 1457 1568 neruosae
1485 1487 1648 1532 cum
1665 1459 2044 1533 etiamnum
2069 1459 2146 1530 in
2167 1456 2617 1534 cadaueribus

653 1599 1237 1696 perspicerentur,
1324 1615 1592 1668 aortam
1670 1591 2125 1690 appellarunt.
2229 1590 2617 1688 Vtriusque

644 1729 1074 1829 principium
1114 1757 1155 1800 a
1200 1726 1411 1802 corde
1444 1747 1565 1802 est.
1672 1726 1858 1800 Nam
1888 1725 2288 1823 Vbicunque
2321 1706 2446 1822 per
2480 1725 2616 1800 alia

638 1866 900 1941 viscera
947 1859 1243 1936 tendunt
1258 1915 1279 1954 ‚
1346 1881 1530 1936 totae
1573 1880 1932 1932 transeunt
1944 1913 1965 1952 ,
2043 1885 2174 1932 uec
2233 1877 2612 1952 mutantur,

640 1996 763 2072 sed
794 2018 944 2072 toto
972 2019 1197 2072 tractu
1226 1997 1564 2072 continuo
1595 2021 1930 2072 venarum
1959 2013 2276 2066 naturam
2311 2014 2612 2068 seruant.

638 2132 743 2208 At
784 2158 905 2205 cor
944 2131 1145 2230 quasi
1195 2157 1433 2202 earum
1481 2155 1638 2227 pars
1681 2147 1816 2221 est,
1909 2153 1991 2202 ac
2031 2125 2284 2200 certius
2325 2129 2615 2201 maioris

642 2266 823 2358 eius,
888 2292 1067 2364 quae
1105 2265 1183 2338 iu
1222 2262 1385 2340 sede
1426 2285 1530 2337 est
1573 2261 1918 2336 anteriore
1933 2315 1954 2355 ,
2019 2261 2358 2359 quoniam
2401 2289 2614 2362 snpra

638 2399 957 2495 infraque
1004 2398 1139 2472 hae
1185 2393 1401 2474 venae
1446 2400 1614 2476 sitae
1654 2419 1853 2490 sunt,
1935 2395 2012 2470 iu
2079 2395 2315 2474 medio
2373 2424 2611 2472 earum

636 2531 965 2635 existente
998 2531 1229 2606 corde.
1330 2531 1614 2606 Habent
1655 2531 1866 2608 corda
1899 2531 2137 2606 omnia
2179 2531 2364 2606 intra
2408 2560 2480 2606 se
2507 2531 2612 2606 si-

564 2761 577 2769 ·
636 2693 809 2761 uus;
859 2663 981 2740 sed
1025 2665 1101 2740 in
1145 2663 1539 2738 minoribus
1579 2665 2000 2740 animalibus
2039 2665 2386 2774 maximus
2415 2667 2610 2740 sinus

636 2801 753 2876 vix
778 2799 1193 2899 percipitur3
1242 2800 1322 2871 in
1349 2798 1820 2875 mediocribus
1852 2799 2062 2872 etiam
2091 2799 2298 2894 alter3
2349 2799 2424 2872 in
2449 2827 2612 2874 ma-

634 2933 843 3009 ximis
884 2933 1186 3008 Vniuersi
1234 2954 1389 3008 tres.
1497 2932 1748 3009 cordis
1793 2959 2040 3008 mucro
2071 2933 2486 3024 autetiorem
2529 2935 2606 3010 in

633 3089 905 3166 partem
968 3087 1231 3166 prostat
1244 3122 1267 3162 ‚
1352 3066 1953 3169 quemadmodum
2019 3065 2328 3140 diximus
2373 3085 2608 3166 supra.'

631 3200 735 3278 At
759 3201 1105 3273 maximus
1134 3202 1329 3275 sinus
1354 3229 1678 3301 suprema
1707 3203 1784 3274 in
1813 3223 2007 3301 parte
2041 3201 2276 3278 cordis
2303 3201 2606 3294 dextera,

630 3333 968 3406 minimus
996 3335 1073 3407 in
1096 3335 1372 3412 sinistra
1388 3391 1409 3429 ‚
1460 3336 1836 3414 mediocris
1867 3337 2048 3412 inter
2063 3309 2490 3434 =vti-umque:
2533 3356 2604 3408 at

630 3469 835 3544 ambo
884 3467 939 3542 fi
975 3470 1182 3568 longe
1222 3471 1530 3550 minores
1570 3471 1874 3549 maximo
1921 3495 2102 3548 sunt.
2201 3467 2314 3542 Ac
2349 3467 2600 3564 peruio

632 3600 825 3676 aditu
874 3601 1201 3700 pulmoni
1248 3607 1783 3682 committuntur
1809 3629 2099 3680 omnes:
2149 3602 2229 3674 iu
2261 3628 2403 3676 vno
2437 3621 2603 3674 tan·-

628 3757 781 3814 tum
841 3732 919 3808 id
970 3734 1486 3836 deprehendas3
1571 3741 1648 3814 in
1694 3739 1844 3818 aliis
1907 3755 2192 3836 propter
2243 3757 2600 3828 meatuum

522 3869 537 3880 '
628 3868 1041 3965 paruitatem
1074 3851 1430 3948 non'item„
1487 3874 1707 3971 Igitur
1719 3897 1966 3970 magna
1985 3898 2154 3948 vena
2170 3868 2271 3965 de,
2287 3871 2598 3944 maximo

628 4005 791 4080 sinu
822 4004 971 4102 illo,
998 4031 1215 4112 quem
1244 4007 1554 4085 diximus
1580 4031 1722 4082 esse
1747 4033 2066 4109 suprema
2095 4008 2174 4084 in
2199 4029 2395 4109 parte
2417 4005 2594 4081 dcx-
