2917 4959
596 462 738 529 DE
795 457 1262 526 ANIMAL.
1326 457 1607 526 HIST.
1673 460 1789 527 111.
1862 486 1931 530 2.
2144 470 2241 558 95

276 645 574 738 teriore,
621 640 912 742 pendet:
979 667 1144 713 mox
1173 666 1302 738 per
1325 639 1639 714 medium
1670 643 1901 714 sinum
1932 643 2245 719 intendi-

281 801 402 854 tur
444 803 715 868 rursus,
769 747 970 874 quasi
1017 775 1166 847 eius
1199 803 1354 873 pars
1397 777 1591 848 sinus
1634 777 1752 850 ille
1800 779 1921 870 sit,
1974 780 2051 851 in
2096 807 2247 878 quo

283 909 544 1012 stagnat
588 912 886 1010 sanguis.
989 909 1092 982 At
1139 917 1332 985 aorta‘
1377 939 1414 982 a
1451 910 1683 984 medio
1717 911 2005 1010 quidem
2040 914 2197 987 sinu
2216 973 2239 1012 ,

279 1077 520 1126 verum
567 1073 714 1121 non
773 1043 1020 1118 eodem
1081 1043 1298 1119 modo
1315 1101 1336 1139 ‚
1415 1072 1561 1144 quo
1622 1071 1811 1122 vena.
1915 1047 2243 1148 Namque

277 1211 530 1284 magna
589 1181 742 1254 eius
809 1203 964 1277 pars
1030 1180 1499 1276 augustiorem
1550 1181 1850 1254 fistulam
1915 1205 2237 1282 occupat:

273 1339 630 1417 praeterea
661 1343 832 1391 vena
857 1341 983 1412 per
1011 1339 1152 1406 cor,
1194 1335 1400 1414 atque
1416 1311 1681 1388 acorde
1704 1314 1782 1386 in
1810 1337 2071 1388 aortam
2098 1347 2242 1394 sese

277 1450 540 1524 induit.
641 1448 892 1546 Magna
925 1473 1096 1522 vena
1122 1450 1527 1522 membrana
1562 1469 1859 1546 cuteque
1887 1477 2241 1551 compacta

277 1607 414 1660 est:
465 1605 656 1660 aorta
683 1611 846 1656 cum
877 1583 1252 1680 angustior,
1303 1605 1456 1658 tum
1492 1583 1887 1658 neruosior:
1930 1607 1996 1660 et
2026 1614 2239 1686 porro
2335 1571 2341 1580 ⁸

278 1719 570 1794 distenta
615 1739 684 1792 et
760 1716 851 1789 ad
933 1739 1146 1814 eaput
1225 1737 1292 1789 et
1369 1717 1465 1791 ad
1521 1719 1833 1792 membra
1883 1720 2233 1817 inferiora,

275 1856 400 1932 vbi
469 1874 540 1926 et
603 1851 902 1925 strictior
970 1873 1040 1924 et
1103 1878 1396 1927 neruosa
1459 1852 1749 1926 omnino
1816 1855 2064 1930 euadit.
2162 1861 2233 1932 A
2292 1867 2338 1931 4

275 1989 636 2088 superiore
687 1985 922 2061 cordis
967 2007 1162 2083 parte
1208 2013 1424 2063 venae
1468 2015 1757 2086 magnae
1797 1990 2031 2086 portio
2077 2021 2239 2065 ma-

269 2153 401 2223 gna
433 2124 578 2222 ipsa
611 2147 898 2222 quoque
913 2146 1191 2220 vnoque
1209 2141 1452 2196 tenore
1478 2120 1565 2194 ad
1596 2122 2003 2219 pulmonem
2032 2153 2243 2198 sean-

270 2257 418 2331 dit:
447 2282 592 2355 quo
613 2253 780 2325 loeo
815 2271 1006 2324 aorta
1031 2281 1310 2354 quoque
1325 2255 1805 2330 committitur.
1857 2252 2049 2328 Tum
2071 2256 2239 2334 inde

269 2388 622 2466 scinditur
649 2383 976 2458 bifariam
1003 2386 1118 2481 ita,
1149 2412 1222 2463 vt
1243 2387 1498 2489 partim
1529 2387 1937 2487 pulmonem
1964 2391 2237 2489 subeat,'

263 2522 533 2626 partim
591 2519 678 2594 ad
719 2521 993 2619 spinam
1039 2546 1597 2624 postremamque
1638 2524 1806 2598 oolli
1846 2527 2237 2603 vertebram

265 2657 488 2734 adeat.
587 2656 770 2729 Cum
814 2653 1028 2756 igitur
1071 2633 1316 2758 pulm0
1355 2659 1725 2758 bipartitus
1775 2658 1893 2749 sit,
1947 2686 2126 2757 quae
2156 2661 2233 2734 in

269 2821 426 2870 eum
451 2817 598 2866 sese
625 2789 746 2866 dat
771 2815 948 2866 vena
967 2845 988 2883 ‚
1035 2789 1362 2865 bifariam
1389 2817 1673 2892 quoque
1704 2788 2045 2864 scinditur
2076 2791 2237 2891 pri-

269 2957 500 3024 mum3
548 2923 824 2999 deinde·
842 2925 1176 2999 omnibus
1205 2926 1456 2998 fistulis
1482 2929 1945 3025 omnibusque
1974 2953 2233 3002 occur-

270 3065 366 3136 rit
403 3059 858 3136 foraminibus
908 3059 1114 3136 vuius
1155 3059 1499 3162 cuiusque
1532 3087 1833 3160 aequans
1874 3060 2231 3158 magnitu—
2318 3113 2337 3144 -,

271 3193 518 3274 dinem
546 3215 662 3266 aut
695 3195 1140 3290 paruitatem3
1192 3194 1367 3270 adeo
1395 3217 1473 3272 vt
1498 3195 1767 3268 nullam
1796 3211 2065 3290 partem
2094 3191 2229 3267 de-

211 3429 214 3434 ·
264 3326 702 3431 prehendas,
751 3325 824 3401 in
871 3355 1008 3428 qua
1055 3350 1210 3404 tum
1247 3331 1563 3404 foramen
1608 3350 1761 3402 tum
1794 3329 2047 3402 venula
2081 3357 2226 3406 non

266 3462 384 3535 sit:
415 3489 828 3562 quanquam
857 3485 1157 3539 extrema
1183 3465 1471 3564 propter
1490 3463 1931 3563 exiguitatem
1948 3491 2225 3538 sensum

263 3597 532 3694 fugiant
546 3652 568 3689 ,
617 3615 950 3697 totusque
987 3601 1238 3696 pulmo
1267 3597 1591 3675 videatur
1616 3621 1759 3671 esse
1786 3598 2031 3696 plenus
2059 3625 2243 3671 san-.

247 3725 517 3830 guinis.
591 3731 722 3804 His
754 3753 990 3806 autem
1019 3731 1398 3826 meatibus,
1449 3733 1643 3833 quia
1668 3760 1841 3810 vena
1866 3729 2223 3805 didueum—
2280 3754 2319 3816 5

260 3885 420 3955 tur,
499 3863 785 3938 submi
839 3862 1182 3965 fistulae,·
1226 3895 1404 3969 quae
1461 3870 1551 3966 ab
1608 3867 1857 3944 arteria
1904 3860 2215 3938 tendum.

259 3995 472 4098 Quae
521 4023 690 4078 vero
741 3997 832 4078 ad
879 3971 1154 4103 spinam
1178 4076 1185 4081 .
1207 4024 1276 4104 et
1325 4003 1499 4082 colli
1544 4001 1771 4112 tendit
1814 3995 2235 4088 vertebramr·
