2917 4959
671 479 814 547 DE
870 426 1351 545 ANiMAL.
1418 474 1696 546 HIST.
1748 479 1869 547 v1.
1926 481 2040 549 14.
2206 482 2337 552 ,οι

365 662 518 739 illa:
615 662 810 753 Quin
857 658 1119 736 trabeis
1165 662 1424 761 scalpta
1466 659 1691 737 humo‘
1736 668 2233 763 saepenumero
2279 686 2347 738 et

361 798 781 896 copiosiores
819 819 886 872 et
914 798 1769 897 praestantiores'capiunt.
1823 795 1923 869 At
1949 801 2084 873 alia
2118 826 2344 898 aqna—-

358 960 520 1007 rum
543 958 792 1031 genera
835 930 1210 1025 deteriora,
1261 952 1630 1030 propterea
1668 930 1865 1031 quod
1906 926 2343 1031 praemature

353 1066 590 1139 minus
620 1092 920 1139 creuere.
977 1064 1332 1137 Oriuntur
1357 1062 1593 1161 opacis
1620 1063 2117 1166 paludosisque
2142 1068 2336 1160 locis,
2392 1071 2433 1131 3

354 1228 518 1275 cum
551 1198 734 1273 coeli
759 1198 1128 1271 clementia
1147 1219 1334 1272 terra
1361 1195 1803 1286 concalescit,
1816 1199 2007 1271 velut
2028 1200 2105 1273 in
2116 1200 2341 1275 Atho-

353 1333 616 1408 niensis
665 1331 811 1428 agri
861 1330 1216 1404 Salamine
1261 1351 1330 1404 et
1380 1330 1471 1403 ad
1503 1328 2101 1440 Themistoeleum
2148 1356 2215 1419 et
2257 1337 2336 1435 in

353 1464 807 1543 Marathone.
907 1463 1040 1536 His
1068 1464 1326 1538 scilicet
1353 1464 1528 1539 locis
1559 1456 1807 1562 spuma
1837 1464 1959 1537 illa
1989 1469 2087 1538 fit.
2192 1466 2333 1540 Ce-

353 1624 582 1675 terum
621 1599 696 1671 in
741 1598 914 1671 locis
949 1596 1293 1671 eiusmodi
1335 1621 1401 1672 et
1443 1598 1807 1697 teporibus
1837 1600 2125 1673 existere
2155 1626 2335 1673 con-

349 1734 614 1828 sueuit3
666 1732 788 1807 sed
827 1730 1000 1803 alibi
1035 1758 1352 1831 quoque,
1405 1734 1527 1807 vbi
1563 1736 1893 1831 largiores
1922 1736 2179 1807 imbres
2206 1733 2333 1808 iu·-

349 1888 645 1967 gruunt‚
685 1866 972 1941 excitata
1002 1866 1074 1938 in
1103 1866 1272 1965 ipsis
1301 1894 1581 1965 spuma3
1616 1894 1797 1965 aqua
1820 1868 2024 1940 etia‘m
2048 1893 2335 1964 spumae

349 2030 609 2076 nomen
657 2024 768 2075 est·
802 2020 1186 2075 consecuta.
1288 2001 1541 2073 Fertur
1589 2000 1797 2073 etiam
1842 1999 2081 2097 tepido
2135 2002 2332 2072 coelo

343 2136 782 2209 fluitabunda
840 2137 1052 2209 maris
1103 2160 1408 2232 aequore
1455 2161 1535 2207 ea
1578 2134 1655 2205 in
1694 2134 2015 2226 materia,
2066 2132 2143 2203 in
2190 2160 2331 2231 qna

347 2268 728 2341 conuoluta
761 2289 884 2347 est.
989 2266 1180 2340 Nam
1221 2265 1815 2364 quemadmodum
1855 2266 1936 2340 in
1968 2264 2142 2345 finio
2166 2290 2333 2344 ven·-

347 2402 597 2474 miculi
627 2401 884 2476 minuti
902 2455 922 2495 ‚
973 2401 1074 2473 sie
1103 2401 1180 2475 in
1209 2398 1553 2474 eiusmodi
1583 2414 1969 2499 re.spuma,'
2016 2396 2335 2507 quocun·-

348 2564 488 2635 que
519 2538 676 2611 loeo
719 2534 1038 2633 aequoris
1067 2534 1512 2607 concreuerit.
1614 2532 1785 2623 Quo
1804 2541 1924 2633 fit,‘
1976 2562 2052 2618 vt
2083 2568 2166 2615 ex
2193 2542 2333 2612 alto

345 2671 570 2743 multa
616 2669 702 2743 ad
741 2667 894 2743 loea
942 2636 1330 2768 appellatur
1370 2666 1515 2742 hoc
1559 2694 1781 2769 apuae
1829 2700 2063 2772 genus.
2164 2674 2335 2775 Eius

346 2826 735 2904 prouentus
776 2830 858 2877 ac
879 2802 1295 2903 praestantia
1317 2803 1623 2881 maxima
1636 2862 1657 2901 ‚
1708 2834 1857 2907 quo
1880 2830 2196 2906 tempore
2218 2814 2341 2877 and

349 2970 482 3015 nus
525 2942 828 3013 humore
869 2958 940 3011 et
979 2958 1226 3039 tepore
1269 2939 1597 3017 abundat.
1668 2942 1859 3015 Alia·
1882 2964 2113 3015 autem
2157 2965 2339 3039 apua
2392 2944 2433 3001 4

353 3102 394 3146 a
439 3074 738 3173 piscibus
771 3092 1146 3173 generatur.
1255 3074 1454 3161 Quae
1486 3075 1674 3177 enim
1706 3078 1999 3177 gobialis
2034 3072 2341 3173 (eobitis)

355 3206 780 3309 appellatur,
804 3210 916 3280 -fit
945 3234 984 3281 e
1012 3209 1238 3306 gobiis
1269 3210 1561 3281 minutis
1590 3200 1661 3283 et
1688 3211 1983 3304 vilibus,
2036 3212 2341 3310 quiter-

353 3372 506 3416 ram
549 3344 868 3417 subeunt.
969 3342 1032 3421 E
1060 3334 1430 3417 Phalerica
1468 3362 1703 3419 'autem
1746 3348 2070 3420 oriuntur
2106 3334 2342 3419 mem-

351 3466 604 3553 brades‘
616 3506 637 3573 3
685 3504 768 3551 ex
803 3474 920 3547 his
951 3474 1317 3571 trichides3
1364 3504 1404 3551 e
1429 3478 1853 3553 triehidibus
1882 3478 2207 3554 trichiaet
2254 3497 2339 3548 ex

355 3613 592 3710 aliquo
619 3638 866 3709 genere
895 3636 1152 3710 apum,
1183 3612 1376 3685 velut
1407 3640 1513 3705 ee,
1554 3615 1745 3712 quod
1776 3616 1849 3687 in
1886 3632 2093 3713 portu
2110 3609 2343 3681 Athe-
2374 3611 2383 3623 ’

357 3744 708 3817 niensium
736 3742 961 3841 degit,
997 3767 1412 3845 generantur
1441 3749 1571 3847 qui
1598 3744 2058 3823 encrasieholi
2086 3742 2347 3815 dicun-

355 3896 494 3948 tur.
593 3876 720 3949 Est
750 3898 819 3950 et
851 3880 981 3952 alia
1009 3882 1292 3977 (Codex
1323 3886 1525 3955 alius
1557 3904 1627 3957 et
1655 3880 1829 3957 haec
1858 3908 2035 3977 apua
2062 3894 2353 3951 maena-

367 4011 568 4111 rum)
601 4020 827 4113 apua,'
873 4036 1050 4111 quae
1083 4018 1575 4091 maenularum
1606 4004 1683 4088 et'
1706 3998 2055 4111 mugihim
2084 4016 2351 4088 foemra
