<?xml version="1.0" encoding="UTF-8"?>
<!DOCTYPE html PUBLIC "-//W3C//DTD XHTML 1.0 Transitional//EN"
    "http://www.w3.org/TR/xhtml1/DTD/xhtml1-transitional.dtd">
<html xmlns="http://www.w3.org/1999/xhtml" xml:lang="en" lang="en">
 <head>
  <title>
</title>
<meta http-equiv="Content-Type" content="text/html;charset=utf-8" />
  <meta name='ocr-system' content='tesseract 3.04.00' />
  <meta name='ocr-capabilities' content='ocr_page ocr_carea ocr_par ocr_line ocrx_word'/>
</head>
<body>
  <div class='ocr_page' id='page_1' title='image "aristotelisdean02schngoog_0403.png"; bbox 0 0 2917 4959; ppageno 0'>
   <div class='ocr_carea' id='block_1_1' title="bbox 635 506 2314 603">
    <p class='ocr_par' dir='ltr' id='par_1_1' title="bbox 635 506 2314 603">
     <span class='ocr_line' id='line_1_1' title="bbox 635 506 2314 603; baseline 0 -22"><span class='ocrx_word' id='word_1_1' title='bbox 635 512 775 581; x_wconf 82' lang='lat' dir='ltr'><strong>DE</strong></span> <span class='ocrx_word' id='word_1_2' title='bbox 856 506 1323 579; x_wconf 72' lang='lat' dir='ltr'><strong>ANlMAn</strong></span> <span class='ocrx_word' id='word_1_3' title='bbox 1388 506 1987 581; x_wconf 79' lang='lat' dir='ltr'><strong>H1s¹1=.1x.8.</strong></span> <span class='ocrx_word' id='word_1_4' title='bbox 2129 512 2314 603; x_wconf 56' lang='lat'><strong>595</strong></span> 
     </span>
    </p>
   </div>
   <div class='ocr_carea' id='block_1_2' title="bbox 294 688 2449 4143">
    <p class='ocr_par' dir='ltr' id='par_1_2' title="bbox 294 688 2449 4143">
     <span class='ocr_line' id='line_1_2' title="bbox 328 688 2319 789; baseline -0.001 -19"><span class='ocrx_word' id='word_1_5' title='bbox 328 694 615 773; x_wconf 79' lang='lat' dir='ltr'><strong>·vltimis</strong></span> <span class='ocrx_word' id='word_1_6' title='bbox 645 692 1006 766; x_wconf 83' lang='lat' dir='ltr'><strong>conatibus</strong></span> <span class='ocrx_word' id='word_1_7' title='bbox 1032 689 1385 763; x_wconf 84' lang='lat' dir='ltr'><strong>dimicant.</strong></span> <span class='ocrx_word' id='word_1_8' title='bbox 1454 688 1834 789; x_wconf 85' lang='lat' dir='ltr'><strong>Proprium</strong></span> <span class='ocrx_word' id='word_1_9' title='bbox 1863 692 2216 765; x_wconf 79' lang='lat' dir='ltr'><strong>columbi</strong></span> <span class='ocrx_word' id='word_1_10' title='bbox 2201 695 2319 768; x_wconf 84' lang='lat' dir='ltr'><strong>vi-</strong></span> 
     </span>
     <span class='ocr_line' id='line_1_3' title="bbox 356 798 2320 925; baseline 0.002 -25"><span class='ocrx_word' id='word_1_11' title='bbox 356 826 561 903; x_wconf 84' lang='lat' dir='ltr'><strong>detur</strong></span> <span class='ocrx_word' id='word_1_12' title='bbox 593 854 734 903; x_wconf 86' lang='lat' dir='ltr'><strong>esse</strong></span> <span class='ocrx_word' id='word_1_13' title='bbox 780 848 846 899; x_wconf 88' lang='lat' dir='ltr'><strong>et</strong></span> <span class='ocrx_word' id='word_1_14' title='bbox 874 798 1221 925; x_wconf 83' lang='lat' dir='ltr'>palumbis</span> <span class='ocrx_word' id='word_1_15' title='bbox 1268 844 1335 896; x_wconf 87' lang='lat' dir='ltr'><strong>et</strong></span> <span class='ocrx_word' id='word_1_16' title='bbox 1364 824 1710 917; x_wconf 54' lang='lat' dir='ltr'><strong>tui-turiss</strong></span> <span class='ocrx_word' id='word_1_17' title='bbox 1741 826 1818 899; x_wconf 92' lang='lat' dir='ltr'><strong>in</strong></span> <span class='ocrx_word' id='word_1_18' title='bbox 1851 846 2022 924; x_wconf 85' lang='lat' dir='ltr'><strong>potu</strong></span> <span class='ocrx_word' id='word_1_19' title='bbox 2052 802 2320 904; x_wconf 80' lang='lat' dir='ltr'><strong>collum</strong></span> 
     </span>
     <span class='ocr_line' id='line_1_4' title="bbox 353 958 2322 1063; baseline -0.001 -28"><span class='ocrx_word' id='word_1_20' title='bbox 353 988 498 1037; x_wconf 92' lang='lat' dir='ltr'><strong>non</strong></span> <span class='ocrx_word' id='word_1_21' title='bbox 549 961 943 1063; x_wconf 77' lang='lat' dir='ltr'><strong>resupinare</strong></span> <span class='ocrx_word' id='word_1_22' title='bbox 956 1015 976 1054; x_wconf 91' lang='lat'>‚</span> <span class='ocrx_word' id='word_1_23' title='bbox 1027 960 1165 1031; x_wconf 85' lang='lat' dir='ltr'><strong>nisi</strong></span> <span class='ocrx_word' id='word_1_24' title='bbox 1214 986 1379 1031; x_wconf 89' lang='lat' dir='ltr'><strong>cum</strong></span> <span class='ocrx_word' id='word_1_25' title='bbox 1426 958 1586 1030; x_wconf 78' lang='lat' dir='ltr'><strong>satis</strong></span> <span class='ocrx_word' id='word_1_26' title='bbox 1623 960 1945 1034; x_wconf 80' lang='lat' dir='ltr'><strong>biberint.</strong></span> <span class='ocrx_word' id='word_1_27' title='bbox 2049 960 2322 1035; x_wconf 76' lang='lat' dir='ltr'><strong>Turtur</strong></span> 
     </span>
     <span class='ocr_line' id='line_1_5' title="bbox 351 1090 2324 1196; baseline -0.002 -26"><span class='ocrx_word' id='word_1_28' title='bbox 351 1124 640 1196; x_wconf 80' lang='lat' dir='ltr'><strong>quoque</strong></span> <span class='ocrx_word' id='word_1_29' title='bbox 694 1117 761 1168; x_wconf 85' lang='lat' dir='ltr'><strong>et</strong></span> <span class='ocrx_word' id='word_1_30' title='bbox 807 1094 1140 1192; x_wconf 68' lang='lat' dir='ltr'><strong>palumbe</strong></span> <span class='ocrx_word' id='word_1_31' title='bbox 1181 1090 1397 1163; x_wconf 86' lang='lat' dir='ltr'><strong>habet</strong></span> <span class='ocrx_word' id='word_1_32' title='bbox 1449 1114 1662 1163; x_wconf 84' lang='lat' dir='ltr'><strong>suum</strong></span> <span class='ocrx_word' id='word_1_33' title='bbox 1702 1090 2020 1192; x_wconf 74' lang='lat' dir='ltr'><strong>quaeq-ue</strong></span> <span class='ocrx_word' id='word_1_34' title='bbox 2059 1122 2324 1169; x_wconf 83' lang='lat' dir='ltr'><strong>marem</strong></span> 
     </span>
     <span class='ocr_line' id='line_1_6' title="bbox 350 1221 2322 1326; baseline -0.001 -21"><span class='ocrx_word' id='word_1_35' title='bbox 350 1221 655 1305; x_wconf 82' lang='lat' dir='ltr'><strong>eundem</strong></span> <span class='ocrx_word' id='word_1_36' title='bbox 669 1283 690 1321; x_wconf 92' lang='lat'><strong>,</strong></span> <span class='ocrx_word' id='word_1_37' title='bbox 761 1252 992 1325; x_wconf 88' lang='lat' dir='ltr'><strong>neque</strong></span> <span class='ocrx_word' id='word_1_38' title='bbox 1020 1226 1239 1299; x_wconf 89' lang='lat' dir='ltr'><strong>alium</strong></span> <span class='ocrx_word' id='word_1_39' title='bbox 1282 1223 1613 1297; x_wconf 81' lang='lat' dir='ltr'><strong>admittit:</strong></span> <span class='ocrx_word' id='word_1_40' title='bbox 1670 1227 2139 1326; x_wconf 84' lang='lat' dir='ltr'><strong>incuhantque</strong></span> <span class='ocrx_word' id='word_1_41' title='bbox 2163 1229 2322 1303; x_wconf 73' lang='lat' dir='ltr'><strong>&#39;tam</strong></span> 
     </span>
     <span class='ocr_line' id='line_1_7' title="bbox 349 1359 2320 1467; baseline 0 -30"><span class='ocrx_word' id='word_1_42' title='bbox 349 1390 499 1438; x_wconf 89' lang='lat' dir='ltr'><strong>mas</strong></span> <span class='ocrx_word' id='word_1_43' title='bbox 526 1388 737 1467; x_wconf 78' lang='lat' dir='ltr'><strong>quam</strong></span> <span class='ocrx_word' id='word_1_44' title='bbox 763 1361 1085 1441; x_wconf 81' lang='lat' dir='ltr'><strong>foemina.</strong></span> <span class='ocrx_word' id='word_1_45' title='bbox 1172 1359 1449 1447; x_wconf 83' lang='lat' dir='ltr'><strong>Quibus</strong></span> <span class='ocrx_word' id='word_1_46' title='bbox 1477 1378 1706 1441; x_wconf 79' lang='lat' dir='ltr'><strong>tamen</strong></span> <span class='ocrx_word' id='word_1_47' title='bbox 1736 1362 1947 1461; x_wconf 78' lang='lat' dir='ltr'><strong>signis</strong></span> <span class='ocrx_word' id='word_1_48' title='bbox 1978 1359 2320 1461; x_wconf 71' lang='lat' dir='ltr'><strong>differant,</strong></span> 
     </span>
     <span class='ocr_line' id='line_1_8' title="bbox 354 1474 2322 1595; baseline 0 -24"><span class='ocrx_word' id='word_1_49' title='bbox 354 1524 499 1571; x_wconf 86' lang='lat' dir='ltr'><strong>non</strong></span> <span class='ocrx_word' id='word_1_50' title='bbox 532 1518 628 1571; x_wconf 88' lang='lat' dir='ltr'><strong>est</strong></span> <span class='ocrx_word' id='word_1_51' title='bbox 658 1497 860 1569; x_wconf 81' lang='lat' dir='ltr'><strong>facile</strong></span> <span class='ocrx_word' id='word_1_52' title='bbox 888 1490 1309 1595; x_wconf 82' lang='lat' dir='ltr'><strong>dignoscere,</strong></span> <span class='ocrx_word' id='word_1_53' title='bbox 1339 1496 1479 1569; x_wconf 90' lang='lat' dir='ltr'><strong>nisi</strong></span> <span class='ocrx_word' id='word_1_54' title='bbox 1499 1474 1589 1588; x_wconf 55' lang='grc' dir='ltr'><strong>,ἐκ</strong></span> <span class='ocrx_word' id='word_1_55' title='bbox 1619 1494 2066 1570; x_wconf 85' lang='lat' dir='ltr'><strong>interioribus</strong></span> <span class='ocrx_word' id='word_1_56' title='bbox 2093 1523 2322 1571; x_wconf 87' lang='lat' dir='ltr'><strong>mem-</strong></span> 
     </span>
     <span class='ocr_line' id='line_1_9' title="bbox 350 1628 2448 1731; baseline 0.001 -29"><span class='ocrx_word' id='word_1_57' title='bbox 350 1630 523 1704; x_wconf 83' lang='lat' dir='ltr'><strong>bris.</strong></span> <span class='ocrx_word' id='word_1_58' title='bbox 628 1632 883 1706; x_wconf 82' lang='lat' dir='ltr'><strong>Vicere</strong></span> <span class='ocrx_word' id='word_1_59' title='bbox 916 1631 1283 1730; x_wconf 82' lang='lat' dir='ltr'><strong>palumbas</strong></span> <span class='ocrx_word' id='word_1_60' title='bbox 1326 1628 1453 1703; x_wconf 85' lang='lat' dir='ltr'><strong>diu</strong></span> <span class='ocrx_word' id='word_1_61' title='bbox 1472 1684 1496 1723; x_wconf 81' lang='lat'>‚</span> <span class='ocrx_word' id='word_1_62' title='bbox 1579 1628 1668 1701; x_wconf 84' lang='lat' dir='ltr'><strong>ad</strong></span> <span class='ocrx_word' id='word_1_63' title='bbox 1726 1630 2042 1731; x_wconf 82' lang='lat' dir='ltr'><strong>quinque</strong></span> <span class='ocrx_word' id='word_1_64' title='bbox 2088 1652 2157 1706; x_wconf 85' lang='lat' dir='ltr'><strong>et</strong></span> <span class='ocrx_word' id='word_1_65' title='bbox 2202 1634 2320 1708; x_wconf 82' lang='lat' dir='ltr'><strong>vi-</strong></span> <span class='ocrx_word' id='word_1_66' title='bbox 2380 1652 2448 1713; x_wconf 74' lang='lat'><strong>4·</strong></span> 
     </span>
     <span class='ocr_line' id='line_1_10' title="bbox 351 1737 2324 1865; baseline 0.002 -28"><span class='ocrx_word' id='word_1_67' title='bbox 351 1763 527 1864; x_wconf 82' lang='lat' dir='ltr'><strong>giuti</strong></span> <span class='ocrx_word' id='word_1_68' title='bbox 560 1766 671 1839; x_wconf 85' lang='lat' dir='ltr'><strong>vel</strong></span> <span class='ocrx_word' id='word_1_69' title='bbox 720 1766 1001 1865; x_wconf 84' lang='lat' dir='ltr'><strong>triginta</strong></span> <span class='ocrx_word' id='word_1_70' title='bbox 1044 1738 1259 1839; x_wconf 78' lang='lat' dir='ltr'><strong>annos</strong></span> <span class='ocrx_word' id='word_1_71' title='bbox 1280 1821 1301 1859; x_wconf 87' lang='lat'>‚</span> <span class='ocrx_word' id='word_1_72' title='bbox 1349 1737 1793 1839; x_wconf 71' lang='lat' dir='ltr'><strong>obseruatum</strong></span> <span class='ocrx_word' id='word_1_73' title='bbox 1840 1783 1979 1839; x_wconf 82' lang='lat' dir='ltr'><strong>est:</strong></span> <span class='ocrx_word' id='word_1_74' title='bbox 2055 1768 2324 1865; x_wconf 84' lang='lat' dir='ltr'><strong>aliquas</strong></span> 
     </span>
     <span class='ocr_line' id='line_1_11' title="bbox 352 1892 2321 1999; baseline 0.001 -28"><span class='ocrx_word' id='word_1_75' title='bbox 352 1900 561 1971; x_wconf 87' lang='lat' dir='ltr'><strong>etiam</strong></span> <span class='ocrx_word' id='word_1_76' title='bbox 603 1896 1074 1999; x_wconf 80' lang='lat' dir='ltr'><strong>quadraginta.</strong></span> <span class='ocrx_word' id='word_1_77' title='bbox 1216 1900 1305 1973; x_wconf 88' lang='lat' dir='ltr'><strong>In</strong></span> <span class='ocrx_word' id='word_1_78' title='bbox 1357 1892 1621 1973; x_wconf 78' lang='lat' dir='ltr'><strong>senecta</strong></span> <span class='ocrx_word' id='word_1_79' title='bbox 1671 1911 1931 1995; x_wconf 77' lang='lat' dir='ltr'><strong>vngues</strong></span> <span class='ocrx_word' id='word_1_80' title='bbox 1964 1922 2321 1997; x_wconf 81' lang='lat' dir='ltr'><strong>augentur,</strong></span> 
     </span>
     <span class='ocr_line' id='line_1_12' title="bbox 354 2021 2328 2133; baseline 0.002 -29"><span class='ocrx_word' id='word_1_81' title='bbox 354 2032 483 2132; x_wconf 88' lang='lat' dir='ltr'><strong>qui</strong></span> <span class='ocrx_word' id='word_1_82' title='bbox 519 2031 607 2105; x_wconf 85' lang='lat' dir='ltr'><strong>ab</strong></span> <span class='ocrx_word' id='word_1_83' title='bbox 632 2032 717 2105; x_wconf 84' lang='lat' dir='ltr'><strong>iis</strong></span> <span class='ocrx_word' id='word_1_84' title='bbox 736 2090 757 2127; x_wconf 89' lang='lat'>,</span> <span class='ocrx_word' id='word_1_85' title='bbox 809 2036 936 2133; x_wconf 76' lang='lat' dir='ltr'><strong>qui</strong></span> <span class='ocrx_word' id='word_1_86' title='bbox 969 2059 1078 2109; x_wconf 86' lang='lat' dir='ltr'><strong>eas</strong></span> <span class='ocrx_word' id='word_1_87' title='bbox 1110 2036 1323 2109; x_wconf 74' lang='lat' dir='ltr'><strong>alunt</strong></span> <span class='ocrx_word' id='word_1_88' title='bbox 1336 2089 1357 2127; x_wconf 93' lang='lat'><strong>,</strong></span> <span class='ocrx_word' id='word_1_89' title='bbox 1436 2031 1858 2107; x_wconf 78' lang='lat' dir='ltr'><strong>reciduntur.</strong></span> <span class='ocrx_word' id='word_1_90' title='bbox 1974 2032 2094 2105; x_wconf 85' lang='lat' dir='ltr'><strong>Eis</strong></span> <span class='ocrx_word' id='word_1_91' title='bbox 2139 2021 2328 2107; x_wconf 80' lang='lat' dir='ltr'><strong>nihil</strong></span> 
     </span>
     <span class='ocr_line' id='line_1_13' title="bbox 330 2166 2322 2267; baseline 0.001 -28"><span class='ocrx_word' id='word_1_92' title='bbox 330 2190 703 2267; x_wconf 70' lang='lat' dir='ltr'><strong>praeterea</strong></span> <span class='ocrx_word' id='word_1_93' title='bbox 750 2166 1183 2243; x_wconf 83' lang='lat' dir='ltr'><strong>incommodi</strong></span> <span class='ocrx_word' id='word_1_94' title='bbox 1230 2167 1586 2242; x_wconf 82' lang='lat' dir='ltr'><strong>manifesti</strong></span> <span class='ocrx_word' id='word_1_95' title='bbox 1624 2194 1662 2237; x_wconf 86' lang='lat' dir='ltr'><strong>a</strong></span> <span class='ocrx_word' id='word_1_96' title='bbox 1705 2185 1973 2239; x_wconf 82' lang='lat' dir='ltr'><strong>senecta</strong></span> <span class='ocrx_word' id='word_1_97' title='bbox 2019 2170 2322 2241; x_wconf 83' lang='lat' dir='ltr'><strong>affertur.</strong></span> 
     </span>
     <span class='ocr_line' id='line_1_14' title="bbox 348 2290 2324 2401; baseline 0.001 -26"><span class='ocrx_word' id='word_1_98' title='bbox 348 2300 695 2375; x_wconf 84' lang='lat' dir='ltr'><strong>Turtures</strong></span> <span class='ocrx_word' id='word_1_99' title='bbox 739 2290 1027 2401; x_wconf 82' lang='lat' dir='ltr'><strong>quoque</strong></span> <span class='ocrx_word' id='word_1_100' title='bbox 1074 2324 1143 2376; x_wconf 88' lang='lat' dir='ltr'><strong>et</strong></span> <span class='ocrx_word' id='word_1_101' title='bbox 1196 2302 1562 2375; x_wconf 85' lang='lat' dir='ltr'><strong>columbae</strong></span> <span class='ocrx_word' id='word_1_102' title='bbox 1599 2322 1757 2373; x_wconf 84' lang='lat' dir='ltr'><strong>octo</strong></span> <span class='ocrx_word' id='word_1_103' title='bbox 1789 2298 2041 2374; x_wconf 85' lang='lat' dir='ltr'><strong>viuunt</strong></span> <span class='ocrx_word' id='word_1_104' title='bbox 2081 2328 2324 2395; x_wconf 83' lang='lat' dir='ltr'><strong>annos,</strong></span> 
     </span>
     <span class='ocr_line' id='line_1_15' title="bbox 353 2410 2328 2553; baseline -0.001 -45"><span class='ocrx_word' id='word_1_105' title='bbox 353 2462 535 2533; x_wconf 87' lang='lat' dir='ltr'><strong>quae</strong></span> <span class='ocrx_word' id='word_1_106' title='bbox 585 2458 997 2511; x_wconf 82' lang='lat' dir='ltr'><strong>excoecatae</strong></span> <span class='ocrx_word' id='word_1_107' title='bbox 1027 2459 1188 2510; x_wconf 88' lang='lat' dir='ltr'><strong>sunt</strong></span> <span class='ocrx_word' id='word_1_108' title='bbox 1219 2439 1308 2509; x_wconf 88' lang='lat' dir='ltr'><strong>ab</strong></span> <span class='ocrx_word' id='word_1_109' title='bbox 1346 2437 1468 2553; x_wconf 69' lang='lat' dir='ltr'><strong>iis,</strong></span> <span class='ocrx_word' id='word_1_110' title='bbox 1522 2435 1650 2536; x_wconf 81' lang='lat' dir='ltr'><strong>qui</strong></span> <span class='ocrx_word' id='word_1_111' title='bbox 1683 2410 2070 2533; x_wconf 76' lang='lat' dir='ltr'><strong>inaucupii</strong></span> <span class='ocrx_word' id='word_1_112' title='bbox 2098 2435 2328 2534; x_wconf 75' lang='lat' dir='ltr'><strong>pel1a;-</strong></span> 
     </span>
     <span class='ocr_line' id='line_1_16' title="bbox 352 2566 2328 2668; baseline -0.001 -26"><span class='ocrx_word' id='word_1_113' title='bbox 352 2569 533 2645; x_wconf 85' lang='lat' dir='ltr'><strong>ciam</strong></span> <span class='ocrx_word' id='word_1_114' title='bbox 549 2598 675 2644; x_wconf 73' lang='lat' dir='ltr'><strong>eas</strong></span> <span class='ocrx_word' id='word_1_115' title='bbox 729 2572 941 2644; x_wconf 85' lang='lat' dir='ltr'><strong>alunt.</strong></span> <span class='ocrx_word' id='word_1_116' title='bbox 1044 2572 1325 2647; x_wconf 84' lang='lat' dir='ltr'><strong>Viuunt</strong></span> <span class='ocrx_word' id='word_1_117' title='bbox 1364 2569 1572 2645; x_wconf 90' lang='lat' dir='ltr'><strong>etiam</strong></span> <span class='ocrx_word' id='word_1_118' title='bbox 1617 2570 1930 2668; x_wconf 76' lang='lat' dir='ltr'><strong>perdices</strong></span> <span class='ocrx_word' id='word_1_119' title='bbox 1979 2566 2068 2641; x_wconf 88' lang='lat' dir='ltr'><strong>ad</strong></span> <span class='ocrx_word' id='word_1_120' title='bbox 2111 2578 2328 2643; x_wconf 73' lang='lat' dir='ltr'><strong>annos</strong></span> 
     </span>
     <span class='ocr_line' id='line_1_17' title="bbox 353 2701 2331 2802; baseline -0.001 -27"><span class='ocrx_word' id='word_1_121' title='bbox 353 2702 777 2802; x_wconf 87' lang='lat' dir='ltr'><strong>quindecim.</strong></span> <span class='ocrx_word' id='word_1_122' title='bbox 881 2702 955 2778; x_wconf 89' lang='lat' dir='ltr'>N</span> <span class='ocrx_word' id='word_1_123' title='bbox 955 2704 1317 2779; x_wconf 78' lang='lat' dir='ltr'><strong>idulant‘ur</strong></span> <span class='ocrx_word' id='word_1_124' title='bbox 1350 2724 1494 2777; x_wconf 88' lang='lat' dir='ltr'><strong>tam</strong></span> <span class='ocrx_word' id='word_1_125' title='bbox 1523 2701 1892 2801; x_wconf 78' lang='lat' dir='ltr'><strong>palumbae</strong></span> <span class='ocrx_word' id='word_1_126' title='bbox 1923 2716 2138 2797; x_wconf 80' lang='lat' dir='ltr'><strong>quam·</strong></span> <span class='ocrx_word' id='word_1_127' title='bbox 2165 2720 2331 2774; x_wconf 83' lang='lat' dir='ltr'><strong>tur-</strong></span> 
     </span>
     <span class='ocr_line' id='line_1_18' title="bbox 350 2813 2426 2938; baseline -0.002 -27"><span class='ocrx_word' id='word_1_128' title='bbox 350 2859 539 2912; x_wconf 83' lang='lat' dir='ltr'><strong>tures</strong></span> <span class='ocrx_word' id='word_1_129' title='bbox 562 2837 813 2913; x_wconf 85' lang='lat' dir='ltr'><strong>iisdem</strong></span> <span class='ocrx_word' id='word_1_130' title='bbox 856 2836 933 2909; x_wconf 91' lang='lat' dir='ltr'><strong>in</strong></span> <span class='ocrx_word' id='word_1_131' title='bbox 967 2835 1141 2912; x_wconf 84' lang='lat' dir='ltr'><strong>locis</strong></span> <span class='ocrx_word' id='word_1_132' title='bbox 1188 2813 1480 2938; x_wconf 72' lang='lat' dir='ltr'><strong>se&#39;inper.</strong></span> <span class='ocrx_word' id='word_1_133' title='bbox 1593 2832 2105 2933; x_wconf 81' lang='lat' dir='ltr'><strong>Longaeuiores</strong></span> <span class='ocrx_word' id='word_1_134' title='bbox 2151 2832 2326 2932; x_wconf 77' lang='lat' dir='ltr'><strong>qui-</strong></span> <span class='ocrx_word' id='word_1_135' title='bbox 2385 2855 2426 2919; x_wconf 80' lang='grc'><strong><em>5</em></strong></span> 
     </span>
     <span class='ocr_line' id='line_1_19' title="bbox 346 2966 2326 3069; baseline 0 -28"><span class='ocrx_word' id='word_1_136' title='bbox 346 2968 556 3063; x_wconf 73' lang='lat' dir='ltr'><strong>dem‘,</strong></span> <span class='ocrx_word' id='word_1_137' title='bbox 603 2990 680 3044; x_wconf 80' lang='lat' dir='ltr'><strong>vt</strong></span> <span class='ocrx_word' id='word_1_138' title='bbox 703 2974 1102 3049; x_wconf 86' lang='lat' dir='ltr'><strong>summatim</strong></span> <span class='ocrx_word' id='word_1_139' title='bbox 1132 2973 1468 3063; x_wconf 72' lang='lat' dir='ltr'><strong>dicamus,</strong></span> <span class='ocrx_word' id='word_1_140' title='bbox 1519 2990 1680 3069; x_wconf 88' lang='lat' dir='ltr'><strong>sunt</strong></span> <span class='ocrx_word' id='word_1_141' title='bbox 1713 2995 1933 3041; x_wconf 79' lang='lat' dir='ltr'><strong>mares</strong></span> <span class='ocrx_word' id='word_1_142' title='bbox 1965 2966 2326 3043; x_wconf 81' lang='lat' dir='ltr'><strong>foeminis:</strong></span> 
     </span>
     <span class='ocr_line' id='line_1_20' title="bbox 355 3102 2328 3205; baseline -0.002 -26"><span class='ocrx_word' id='word_1_143' title='bbox 355 3128 603 3179; x_wconf 80' lang='lat' dir='ltr'><strong>verum</strong></span> <span class='ocrx_word' id='word_1_144' title='bbox 632 3102 879 3203; x_wconf 53' lang='lat' dir='ltr'><strong>hocgiu</strong></span> <span class='ocrx_word' id='word_1_145' title='bbox 912 3124 1159 3205; x_wconf 80' lang='lat' dir='ltr'><strong>genere</strong></span> <span class='ocrx_word' id='word_1_146' title='bbox 1176 3134 1397 3183; x_wconf 82' lang='lat' dir='ltr'><strong>mares</strong></span> <span class='ocrx_word' id='word_1_147' title='bbox 1428 3106 1626 3179; x_wconf 88' lang='lat' dir='ltr'><strong>aiunt</strong></span> <span class='ocrx_word' id='word_1_148' title='bbox 1643 3104 1840 3179; x_wconf 87' lang='lat' dir='ltr'><strong>obire</strong></span> <span class='ocrx_word' id='word_1_149' title='bbox 1857 3102 2074 3201; x_wconf 87' lang='lat' dir='ltr'><strong>prius,</strong></span> <span class='ocrx_word' id='word_1_150' title='bbox 2126 3128 2328 3177; x_wconf 83' lang='lat' dir='ltr'><strong>sum·—</strong></span> 
     </span>
     <span class='ocr_line' id='line_1_21' title="bbox 328 3216 2328 3341; baseline 0 -31"><span class='ocrx_word' id='word_1_151' title='bbox 328 3238 429 3310; x_wconf 84' lang='lat' dir='ltr'><strong>·&#39;to</strong></span> <span class='ocrx_word' id='word_1_152' title='bbox 444 3235 725 3327; x_wconf 54' lang='lat' dir='ltr'><strong>‚indicio</strong></span> <span class='ocrx_word' id='word_1_153' title='bbox 755 3266 839 3313; x_wconf 86' lang='lat' dir='ltr'><strong>ex</strong></span> <span class='ocrx_word' id='word_1_154' title='bbox 866 3240 977 3335; x_wconf 75' lang='lat' dir='ltr'><strong>iis,</strong></span> <span class='ocrx_word' id='word_1_155' title='bbox 1024 3270 1204 3341; x_wconf 82' lang='lat' dir='ltr'><strong>quae</strong></span> <span class='ocrx_word' id='word_1_156' title='bbox 1240 3244 1524 3315; x_wconf 69' lang='lat' dir='ltr'><strong>aluntur</strong></span> <span class='ocrx_word' id='word_1_157' title='bbox 1548 3238 1764 3330; x_wconf 85' lang='lat' dir='ltr'><strong>domi,</strong></span> <span class='ocrx_word' id='word_1_158' title='bbox 1817 3216 1990 3335; x_wconf 66' lang='lat' dir='ltr'><strong>quas</strong></span> <span class='ocrx_word' id='word_1_159' title='bbox 2019 3234 2328 3310; x_wconf 75' lang='lat' dir='ltr'><strong>diximus</strong></span> 
     </span>
     <span class='ocr_line' id='line_1_22' title="bbox 294 3370 2449 3475; baseline -0.001 -30"><span class='ocrx_word' id='word_1_160' title='bbox 294 3402 303 3409; x_wconf 94' lang='lat'>·</span> <span class='ocrx_word' id='word_1_161' title='bbox 350 3370 667 3471; x_wconf 83' lang='lat' dir='ltr'><strong>pellaces.</strong></span> <span class='ocrx_word' id='word_1_162' title='bbox 710 3373 1027 3473; x_wconf 88' lang='lat' dir='ltr'><strong>(illices.)</strong></span> <span class='ocrx_word' id='word_1_163' title='bbox 1070 3378 1181 3451; x_wconf 90' lang='lat' dir='ltr'><strong>De</strong></span> <span class='ocrx_word' id='word_1_164' title='bbox 1210 3374 1598 3475; x_wconf 66' lang='lat' dir='ltr'><strong>passeribus</strong></span> <span class='ocrx_word' id='word_1_165' title='bbox 1629 3397 1912 3473; x_wconf 88' lang='lat' dir='ltr'><strong>quoque</strong></span> <span class='ocrx_word' id='word_1_166' title='bbox 1941 3371 2135 3444; x_wconf 86' lang='lat' dir='ltr'><strong>aiunt</strong></span> <span class='ocrx_word' id='word_1_167' title='bbox 2155 3372 2328 3470; x_wconf 87' lang='lat' dir='ltr'><strong>qui-</strong></span> <span class='ocrx_word' id='word_1_168' title='bbox 2441 3382 2449 3389; x_wconf 84' lang='lat'><strong><em>‘</em></strong></span> 
     </span>
     <span class='ocr_line' id='line_1_23' title="bbox 328 3480 2328 3601; baseline -0.002 -21"><span class='ocrx_word' id='word_1_169' title='bbox 328 3480 559 3601; x_wconf 67' lang='lat' dir='ltr'><strong>dam,a</strong></span> <span class='ocrx_word' id='word_1_170' title='bbox 611 3534 877 3584; x_wconf 86' lang='lat' dir='ltr'><strong>annum</strong></span> <span class='ocrx_word' id='word_1_171' title='bbox 904 3508 1136 3582; x_wconf 88' lang='lat' dir='ltr'><strong>solum</strong></span> <span class='ocrx_word' id='word_1_172' title='bbox 1186 3533 1412 3583; x_wconf 86' lang='lat' dir='ltr'><strong>mares</strong></span> <span class='ocrx_word' id='word_1_173' title='bbox 1448 3509 1705 3585; x_wconf 84' lang='lat' dir='ltr'><strong>viuere.</strong></span> <span class='ocrx_word' id='word_1_174' title='bbox 1829 3484 2328 3579; x_wconf 75' lang='lat' dir='ltr'><strong>coniecturam</strong></span> 
     </span>
     <span class='ocr_line' id='line_1_24' title="bbox 332 3640 2329 3742; baseline -0.001 -32"><span class='ocrx_word' id='word_1_175' title='bbox 332 3640 521 3713; x_wconf 76' lang='lat' dir='ltr'><strong>-inde</strong></span> <span class='ocrx_word' id='word_1_176' title='bbox 548 3642 811 3717; x_wconf 83' lang='lat' dir='ltr'><strong>faciunt</strong></span> <span class='ocrx_word' id='word_1_177' title='bbox 827 3698 848 3737; x_wconf 92' lang='lat'>,</span> <span class='ocrx_word' id='word_1_178' title='bbox 898 3642 1095 3742; x_wconf 89' lang='lat' dir='ltr'><strong>quod</strong></span> <span class='ocrx_word' id='word_1_179' title='bbox 1124 3670 1285 3720; x_wconf 85' lang='lat' dir='ltr'><strong>vere</strong></span> <span class='ocrx_word' id='word_1_180' title='bbox 1312 3642 1541 3716; x_wconf 88' lang='lat' dir='ltr'><strong>statim</strong></span> <span class='ocrx_word' id='word_1_181' title='bbox 1570 3668 1732 3713; x_wconf 87' lang='lat' dir='ltr'><strong>cum</strong></span> <span class='ocrx_word' id='word_1_182' title='bbox 1762 3657 2095 3739; x_wconf 82' lang='lat' dir='ltr'><strong>apparent</strong></span> <span class='ocrx_word' id='word_1_183' title='bbox 2108 3689 2131 3729; x_wconf 91' lang='lat'>‚</span> <span class='ocrx_word' id='word_1_184' title='bbox 2183 3660 2329 3710; x_wconf 87' lang='lat' dir='ltr'><strong>non</strong></span> 
     </span>
     <span class='ocr_line' id='line_1_25' title="bbox 358 3768 2328 3871; baseline -0.004 -25"><span class='ocrx_word' id='word_1_185' title='bbox 358 3771 685 3847; x_wconf 76' lang='lat' dir='ltr'><strong>videmur</strong></span> <span class='ocrx_word' id='word_1_186' title='bbox 708 3774 964 3852; x_wconf 84' lang='lat' dir='ltr'><strong>habere</strong></span> <span class='ocrx_word' id='word_1_187' title='bbox 1003 3779 1353 3854; x_wconf 84' lang='lat' dir='ltr'><strong>maculam</strong></span> <span class='ocrx_word' id='word_1_188' title='bbox 1396 3777 1579 3851; x_wconf 87' lang='lat' dir='ltr'><strong>circa</strong></span> <span class='ocrx_word' id='word_1_189' title='bbox 1617 3776 1908 3849; x_wconf 82' lang='lat' dir='ltr'><strong>barbam</strong></span> <span class='ocrx_word' id='word_1_190' title='bbox 1954 3772 2066 3871; x_wconf 82' lang='lat' dir='ltr'><strong>(in</strong></span> <span class='ocrx_word' id='word_1_191' title='bbox 2111 3768 2328 3869; x_wconf 82' lang='lat' dir='ltr'><strong>callo)</strong></span> 
     </span>
     <span class='ocr_line' id='line_1_26' title="bbox 336 3904 2332 4011; baseline -0.001 -33"><span class='ocrx_word' id='word_1_192' title='bbox 336 3904 631 4003; x_wconf 74' lang='lat' dir='ltr'><strong>¹nigram</strong></span> <span class='ocrx_word' id='word_1_193' title='bbox 648 3961 669 4000; x_wconf 88' lang='lat'>‚</span> <span class='ocrx_word' id='word_1_194' title='bbox 720 3936 936 4008; x_wconf 89' lang='lat' dir='ltr'><strong>quam</strong></span> <span class='ocrx_word' id='word_1_195' title='bbox 963 3914 1379 4011; x_wconf 82' lang='lat' dir='ltr'><strong>procedente</strong></span> <span class='ocrx_word' id='word_1_196' title='bbox 1420 3932 1732 4011; x_wconf 86' lang='lat' dir='ltr'><strong>tempore</strong></span> <span class='ocrx_word' id='word_1_197' title='bbox 1771 3926 2008 4005; x_wconf 86' lang='lat' dir='ltr'><strong>postea</strong></span> <span class='ocrx_word' id='word_1_198' title='bbox 2042 3906 2332 3979; x_wconf 78' lang='lat' dir='ltr'><strong>habent.</strong></span> 
     </span>
     <span class='ocr_line' id='line_1_27' title="bbox 362 4038 2328 4143; baseline -0.003 -27"><span class='ocrx_word' id='word_1_199' title='bbox 362 4038 609 4143; x_wconf 80' lang='lat' dir='ltr'><strong>ltaque</strong></span> <span class='ocrx_word' id='word_1_200' title='bbox 634 4041 952 4143; x_wconf 84' lang='lat' dir='ltr'><strong>priorum</strong></span> <span class='ocrx_word' id='word_1_201' title='bbox 982 4048 1262 4126; x_wconf 88' lang='lat' dir='ltr'><strong>nullum</strong></span> <span class='ocrx_word' id='word_1_202' title='bbox 1290 4071 1538 4125; x_wconf 78' lang='lat' dir='ltr'><strong>extare.</strong></span> <span class='ocrx_word' id='word_1_203' title='bbox 1655 4042 1943 4119; x_wconf 80' lang='lat' dir='ltr'><strong>Diutius</strong></span> <span class='ocrx_word' id='word_1_204' title='bbox 1993 4038 2328 4116; x_wconf 65' lang='lat' dir='ltr'><strong>foeminas</strong></span> 
     </span>
    </p>
   </div>
  </div>
 </body>
</html>
