2917 4959
644 450 787 521 500
1230 440 1994 511 A-RISTOTEL-Is

635 633 863 707 minae
892 648 1133 703 natura
1148 620 1618 723 *concipiunt*
1655 623 1860 710 Quae
1883 648 2028 697 non
2055 642 2589 713 mensu-uantur,

634 768 779 845 fere
824 760 1087 835 steriles
1136 757 1429 857 degunt:
1515 784 1922 857 quanquam
1961 756 2272 854 aliquae,
2336 756 2594 855 quibus

632 898 825 974 nulla·
850 918 1155 991 vnquam
1180 912 1530 966 menstrua
1559 894 1882 965 effluxere
1895 944 1917 983 ‚
1955 870 2403 987 concipiunt3
2451 886 2598 961 ool-

630 1031 811 1105 lecto
848 1026 1115 1100 scilieet
1146 1046 1339 1097 tanto
1370 1023 1707 1115 humore,
1759 1042 2056 1121 quantus
2081 1022 2260 1097 solet
2289 1022 2602 1120 relinqui

631 1164 740 1257 iis,
760 1190 941 1263 quae
966 1179 1221 1236 matres
1236 1158 1453 1232 factae
1480 1163 1646 1229 sun't
1661 1176 1828 1254 post
1845 1157 2360 1255 purgationetm
2383 1153 2604 1229 modo

628 1326 717 1379 ne
768 1298 955 1373 foras
1000 1314 1210 1369 exeat.
1310 1288 1578 1365 Adhuc
1621 1290 1832 1365 etiam
1863 1291 2370 1387 profluentibus
2412 1316 2604 1363 non·-

632 1432 871 1506 nullae
918 1426 1353 1523 concipiunt,
1406 1444 1564 1520 post
1593 1452 1741 1499 non
1771 1424 2210 1522 concipiunt,
2261 1450 2384 1498 eae
2409 1424 2604 1499 scili-

635 1586 773 1656 oet,
826 1562 1083 1661 quibus
1110 1558 1345 1631 statim
1378 1579 1536 1654 post
1563 1559 2048 1657 purgationem
2075 1559 2292 1633 vulua
2321 1559 2606 1632 concin-

634 1697 845 1789 ditur.
950 1689 1399 1781 Quibusdam
1444 1718 1709 1767 menses
1761 1691 1850 1766 ad
1881 1696 2098 1791 finem
2143 1720 2291 1769 non
2337 1715 2608 1767 cessant

632 1832 981 1931 profluere
1020 1852 1425 1925 quanquam
1469 1823 1807 1922 grauidis:
1889 1824 2078 1903 sed
2060 1827 2146 1901 lis
2199 1829 2466 1921 euenit,
2527 1848 2604 1904 vt

635 1964 875 2039 minus
918 1959 1205 2035 idoneos
1248 1958 1522 2056 pariant
1553 1961 1776 2033 foetus
1789 2015 1811 2053 ,
1865 1961 2130 2059 quique
2163 1984 2284 2035 aut
2313 1962 2604 2053 seruari,

540 2098 581 2161 ³
634 2120 710 2177 vt
735 2116 1043 2173 crescant
1056 2149 1079 2189 ,
1128 2114 1518 2193 nequeunt,
1571 2116 1688 2167 aut
1716 2093 2050 2171 imbecilli
2071 2094 2394 2169 euadunt.
2449 2095 2606 2169 Ple-

632 2234 873 2333 risque
910 2250 1143 2305 autem
1162 2254 1336 2326 prae
1375 2224 1724 2305 desiderio
1753 2230 1978 2303 coitus
2007 2251 2292 2330 propter
2315 2250 2440 2301 aut
2467 2232 2604 2303 flo-

635 2388 903 2447 tentem
930 2384 1219 2439 aetatem
1248 2382 1368 2435 aut
1394 2360 1801 2437 diuturnam
1821 2363 2302 2439 abstinentiam
2327 2362 2604 2438 deseen-

634 2501 815 2580 dunt
862 2495 1034 2579 vteri
1051 2550 1073 2589 ‚
1140 2516 1224 2581 et,
1250 2498 1485 2569 fluunt
1531 2516 1884 2569 menstrua
1921 2498 2192 2597 saepius
2235 2500 2312 2572 in
2350 2524 2604 2590 mense,

636 2635 860 2735 donec
904 2628 1339 2727 concipiant:
1390 2648 1560 2701 tunc
1609 2650 2056 2705 reuertuntur
2107 2660 2346 2705 rursus
2373 2631 2450 2704 in
2475 2658 2602 2703 su-

634 2771 985 2870 periorem
1006 2766 1245 2839 locum
1272 2764 1713 2863 peculiarem.
1767 2763 2136 2839 Interdum
2173 2767 2403 2859 etiam,
2437 2766 2604 2841 lieet

634 2924 937 2977 ceterum
984 2900 1161 2973 bene
1204 2898 1457 2973 habeat
1473 2952 1496 2991 ,
1545 2896 1606 2971 si
1653 2896 1834 2973 forte
1869 2896 2208 2973 humidus
2230 2904 2478 2977 vtems'
2493 2901 2605 2993 sit,-

534 3026 579 3087 4
638 3038 823 3111 efflat
848 3058 1081 3128 semen
1108 3030 1441 3131 genitale,
1473 3030 1668 3129 quod
1695 3030 2074 3107 humidum
2103 3035 2214 3109 sit.
2267 3034 2608 3117 Omnium

632 3166 1043 3259 animalium
1070 3165 1325 3241 mulier
1354 3165 1548 3259 inter·
1562 3165 1852 3241 feminas
1865 3222 1890 3263 ‚
1925 3191 1998 3245 vt
2021 3168 2164 3245 iam
2189 3169 2460 3263 dictum
2487 3185 2608 3262 est,

633 3301 1037 3401 largissimis
1064 3298 1435 3375 menstruis
1469 3274 1825 3400 purgatur.
1923 3303 1998 3379 N
1999 3332 2109 3379 am
2143 3330 2325 3402 quae
2353 3304 2612 3379 aninul

637 3462 783 3531 non
812 3432 1095 3539 pariunt
1110 3488 1133 3529 ‚
1184 3434 1271 3507 iis
1308 3434 1501 3507 nihil
1541 3436 1680 3513 tale
1709 3438 1971 3531 euenit;
2019 3457 2378 3535 propterea
2410 3436 2610 3536 quod

639 3571 700 3645 is
742 3570 1003 3643 humor
1046 3572 1440 3669 superfluus
1491 3569 1570 3644 in
1611 3598 1866 3671 eorpus
1905 3569 2213 3645 vert-itur.
2320 3570 2615 3670 Quippe

641 3733 890 3783 eorum
914 3700 1255 3805 quaedam
1286 3704 1556 3799 maiora
1583 3706 1728 3779 suis
1757 3703 2066 3787 maribus
2101 3725 2286 3780 sunt.
2384 3706 2618 3781 Prae--

643 3863 827 3933 terea
856 3842 935 3915 in
962 3839 1418 3939 squallorem,
1471 3838 1894 3939 quibusdam
1927 3840 2006 3915 in
2041 3868 2398 3941 squamas,
2450 3840 2608 3913 aliis

554 4062 563 4073 Ι
646 3976 725 4051 in
757 4002 1147 4076 pennarum
1172 3973 1445 4075 copiam
1477 3973 1886 4051 absumitur.
1985 3976 2140 4056 Illis
2169 3998 2398 4057 autem
2423 4000 2606 4074 quae
