2917 4959
626 447 771 517 nr:
832 443 1653 520 AN1MAnn1s'r.
1723 449 1839 516 111.
1897 474 1962 521 1.
2172 456 2270 552 89

312 655 609 708 trorsum
638 627 729 706 ad
754 627 892 702 sibi
923 625 1412 726 propinquum
1439 645 1730 725 Vtraque
1761 647 1921 702 erus
1939 683 1962 722 ,
2013 651 2084 704 et
2093 629 2272 708 ‘sur-

310 793 461 840 sum
492 762 581 837 ad
606 783 819 863 caput
844 787 971 862 per
994 757 1319 856 iugulum
1348 758 1544 834 iuxta
1567 759 1960 836 clauiculas.
2011 762 2132 838 Ab
2160 767 2276 843 his

309 900 711 974 vniuersum
736 923 863 997 per
884 919 1143 993 corpus
1172 891 1263 966 ad
1292 917 1506 966 suum
1528 918 1844 991 quaeque
1867 895 2044 969 latus
2063 927 2278 979 venae

304 1033 679 1108 ducuntur.
778 1029 987 1104 Duae
1026 1027 1371 1100 maximae
1410 1025 1502 1110 ad
1531 1053 1652 1102 cor
1681 1028 1862 1102 cirea
1901 1025 2096 1106 dorsi
2121 1034 2278 1132 spi..

297 1193 497 1242 nam:
550 1168 807 1240 alterae
850 1161 1063 1258 paulo
1108 1159 1313 1232 altius
1352 1185 1480 1256 per
1523 1182 1762 1260 peetus
1801 1164 1930 1236 sub
1961 1166 2238 1251 axillam
2251 1185 2278 1264 ‚'

300 1321 600 1396 Vtraque
630 1296 721 1370 ad
752 1320 1043 1368 manum
1074 1292 1464 1390 proximam
1491 1294 1650 1370 sihi.
1731 1297 1978 1370 Altera
2003 1299 2276 1380 lienaris

300 1431 603 1524 dicitur,
654 1431 865 1504 altera
894 1406 1245 1500 iecora-ria.
1343 1427 1608 1502 Earum
1633 1432 2058 1508 summitates
2088 1437 2278 1512 scin...

302 1563 571 1638 duntur
602 1564 735 1658 ita,
787 1585 861 1640 vt
894 1561 1149 1660 partim
1175 1557 1269 1634 ad
1300 1561 1666 1657 pollicem,
1713 1567 1971 1662 partim
2002 1567 2092 1642 ad
2121 1571 2282 1670 pal...

296 1727 491 1772 mam
508 1697 829 1795 (tarsum)
854 1695 1227 1794 prodeant:
1258 1716 1470 1794 atque
1487 1695 1654 1770 inde
1674 1719 1914 1774 tenues
1941 1703 2280 1804 frequen-

300 1834 491 1906 tibus
540 1831 753 1906 ramis
785 1831 861 1904 in
892 1831 1239 1930 reliquam
1270 1857 1560 1904 manum
1595 1859 1680 1905 ae
1701 1831 1970 1932 digitos.
2069 1838 2278 1918 Aliae

300 1987 538 2040 autem
582 1967 933 2043 tenuiores
974 1996 1015 2040 a
1042 1964 1295 2064 primis
1326 1961 1522 2041 venis
1547 1963 1842 2042 tendunt
1871 1997 1912 2042 a
1939 1967 2174 2048 dextra
2201 1975 2278 2050 in

298 2099 517 2198 iecur,
566 2128 607 2174 a
652 2102 848 2176 laeua
894 2101 971 2176 in
1018 2099 1274 2173 lienem
1322 2125 1402 2170 ae
1442 2124 1656 2174 renes.
1765 2101 1964 2190 Quae
1988 2131 2156 2180 vero
2191 2106 2282 2182 ad

304 2262 521 2307 crura
560 2235 913 2330 pertinent
926 2286 949 2326 ‚
999 2229 1368 2306 finduntur
1400 2229 1486 2305 ad
1517 2255 2032 2332 coagmentum,
2085 2237 2284 2334 (iun.-

217 2438 230 2452 ,
308 2388 587 2440 cturam
602 2362 655 2461 ‚)
676 2393 757 2440 ac
784 2392 910 2463 per
932 2386 1155 2440 totam
1186 2391 1429 2438 coxam
1456 2351 1946 2444 intenduntur:
1982 2397 2284 2471 quarum

301 2501 613 2612 maxima
646 2527 835 2598 pone
876 2525 1119 2574 coxam
1165 2498 1455 2572 crassior
1501 2517 1713 2571 extat:
1778 2502 1986 2578 altera
1999 2559 2021 2596 ,
2070 2509 2283 2604 paulo

302 2613 541 2710 minus
564 2660 813 2727 erasm,
840 2632 1171 2706 interiore
1198 2657 1413 2706 coxae
1431 2651 1646 2731 parte.
1698 2634 1998 2731 Deinde,
2027 2665 2286 2736 quem-

306 2769 693 2848 admodum
740 2769 905 2843 illae
948 2767 1029 2842 in
1069 2792 1317 2844 manus
1334 2821 1359 2859 ,
1456 2765 1556 2840 ita
1593 2765 1730 2840 hae
1775 2789 2283 2868 praeteruectae
2369 2838 2376 2848 .

305 2931 487 3002 genu
504 2959 527 2998 ,
580 2906 657 2976 in
678 2901 909 2976 -tihias
924 2955 947 2996 ,
998 2921 1207 3000 atque
1238 2898 1405 2976 inde
1432 2899 1508 2974 in
1539 2902 1848 3001 plantam
1864 2959 1885 2998 ‚
1939 2901 2286 3001 (tarsum‚)
2389 2959 2394 2966 ·

307 3059 667 3138 postremo
698 3037 775 3111 in
804 3036 1061 3136 digitos
1086 3032 1554 3110 diducuntur.
1585 3089 1590 3094 ·
1655 3033 1924 3110 Multae
1968 3039 2139 3112 aliae
2169 3059 2284 3112 te-

310 3199 493 3248 nues
527 3146 745 3258 venae
774 3175 861 3246 ab
889 3171 1035 3246 illis
1060 3170 1140 3244 in
1180 3191 1494 3248 ventrem
1527 3197 1606 3244 ac
1644 3191 1862 3246 costas
1891 3166 2285 3248 diffindun-

308 3327 447 3382 tur.
520 3357 525 3362 -
556 3307 759 3398 Quae
790 3327 1019 3382 autem
1062 3323 1273 3402 eaput
1310 3330 1435 3402 per
1465 3304 1790 3404 iugulum
1827 3325 2101 3404 petunt,
2151 3337 2286 3410 ap·-

307 3461 555 3539 parent
595 3439 677 3514 in
721 3441 911 3516 collo
947 3449 1235 3538 magnae
1252 3496 1275 3534 ‚
1328 3460 1399 3514 et
1426 3461 1652 3538 prope
1681 3465 1879 3512 aures
1898 3494 1920 3531 ,
1970 3467 2110 3538 qua
2141 3461 2286 3515 ter-

306 3573 689 3650 minantur.
790 3573 1067 3649 Multae
1104 3573 1195 3650 ab
1238 3573 1409 3672 ipsis
1467 3573 1544 3649 in
1599 3595 1808 3672 caput
1851 3573 2286 3668 scinduntur,

314 3727 387 3780 et
410 3704 691 3781 dextrae
714 3709 795 3779 in
822 3709 1175 3782 sinistram
1190 3761 1217 3800 ‚
1246 3730 1315 3782 et
1342 3706 1652 3782 sinistrae
1682 3707 1759 3782 in
1783 3706 2114 3784 dextram.
2165 3708 2290 3782 Est

313 3860 389 3913 et
430 3839 651 3914 altera
673 3865 843 3916 vena
872 3867 1093 3942 prope
1132 3841 1507 3936 maiorem,
1557 3841 1682 3916 sed
1707 3843 1920 3942 paulo
1949 3869 2028 3916 ea
2053 3839 2289 3917 minor

312 3975 397 4048 in
426 3993 725 4078 Vtroque
751 3977 1043 4052 ceruicis
1074 3977 1325 4076 latere3
1374 3979 1451 4054 in
1485 4004 1698 4078 quam
1728 3974 2072 4076 plurimae
2093 4001 2134 4048 a
2167 4004 2290 4054 ca«
