2917 4959
554 487 696 555 DE
744 480 1558 554 ANIMALflI-ST.
1608 484 1704 553 V.
1765 508 1873 553 ιι.
1921 510 2035 560 12.
2118 494 2285 585 ‘189

263 722 272 729 -
300 670 628 747 bentibus
653 688 736 742 et.
750 667 1030 767 asperis.
1081 666 1274 765 Ergo
1301 664 1725 740 nullus-eam
1754 666 1941 743 alere
1964 668 2279 747 instituit.

303 806 615 881 Maxima
643 804 902 877 harum
930 803 1252 877 omnium
1281 802 1649 903 palumbes
1665 858 1687 898 ‚
1740 802 2007 903 (phatta
2021 806 2075 903 ‚)
2104 808 2287 905 pio-

297 942 485 1049 xima
534 938 821 1040 rupilia3'
899 940 1170 1039 (nenas,
1245 938 1515 1009 Gazae
1562 939 1817 1037 vinage
1830 938 1888 1034 3)
1929 941 2286 1040 siquidem

263 1073 470 1149 haec
514 1076 732 1173 paulo
779 1074 1168 1149 maiuscula
1199 1094 1300 1147 est
1331 1099 1549 1172 quam
1574 1071 1939 1147 columba:
1986 1078 2283 1153 minima

291 1232 532 1293 autem
581 1230 838 1281 turtur.
941 1208 1240 1281 Pariunt
1283 1234 1489 1284 vero:
1508 1206 1897 1291 columbae·
1916 1230 2063 1287 toto
2112 1214 2282 1287 anni

291 1354 624 1443 tempore
637 1398 660 1436 ,
713 1362 920 1442 atque
953 1344 1168 1418 etiam
1197 1338 1497 1417 educant
1510 1396 1531 1434 ,
1554 1370 1557 1373 ·
1582 1340 1643 1413 si
1662 1362 1753 1413 ·et
1768 1389 1777 1399 -
1794 1340 1935 1414 1οεί
1962 1344 2181 1442 tepidi
2211 1368 2281 1421 et

248 1540 256 1549 .
291 1504 554 1553 eorum
568 1530 590 1568 ,
655 1504 858 1578 quae·
879 1504 1060 1577 opus
1099 1476 1394 1568 hahent,
1444 1497 1727 1551 vtantur
1768 1476 2279 1554 commoditate.

261 1613 430 1687 sin
465 1632 696 1685 autem
729 1610 960 1687 desint
977 1610 1206 1707 haec‚·
1221 1630 1471 1687 aestate
1498 1630 1789 1685 tannim.
1858 1612 2053 1687 Pulli
2080 1616 2285 1692 verni

292 1768 366 1821 et
395 1746 836 1821 autumnales
869 1747 1226 1822 meliores:
1271 1746 1541 1821 aestiui
1558 1802 1580 1841 ,
1610 1769 1751 1822 aut
1787 1768 1977 1822 aestu
2012 1748 2281 1824 infestis

259 1879 546 1957 -diebus
579 1882 706 1982 qui
735 1884 1084 1978 oriuntur,
1133 1884 1435 1983 pessimi.

415 2119 476 2193 C
497 2118 570 2193 A
599 2117 676 2194 P.
729 2120 899 2195 XII.
923 2174 933 2181 -
954 2121 1198 2219 (vulgo
1245 2118 1456 2195 xlv.
1508 2116 1861 2215 Scaliger-o
1909 2118 2151 2213 xm.)

427 2316 434 2323 ·
465 2286 834 2359 Differunt
861 2308 1096 2359 autem
1126 2287 1308 2360 inter
1339 2312 1412 2359 se
1441 2286 1681 2359 aetatis
1714 2284 1979 2359 ratione
2006 2284 2097 2358 ad
2126 2285 2285 2359 coi·-

217 2450 224 2453 ·
297 2442 458 2493 tum
505 2418 850 2494 animalia.
952 2420 1316 2519 Principio
1361 2446 1509 2495 nou
1557 2439 1658 2495 est
1692 2419 2042 2519 plerisque
2088 2420 2283 2494 idem

301 2554 592 2628 initium
619 2576 710 2628 -et
737 2553 1172 2630 excernendi
1223 2556 1507 2629 seminis
1556 2576 1625 2630 et
1672 2555 2016 2629 facultatis
2064 2582 2285 2655 gene-

295 2688 508 2765 randi
525 2719 548 2785 ;
613 2688 736 2763 sed
759 2690 954 2764 haec
994 2710 1234 2791 postea
1272 2688 1555 2765 accedit.
1632 2690 1927 2763 'Omnia
1978 2686 2289 2788 namque

297 2824 630 2929 animalia
671 2826 902 2926 prima
947 2846 1168 2900 aetate
1209 2843 1332 2897 ant
1375 2822 1563 2897 nihil
1593 2845 1925 2923 generant
1938 2880 1961 2918 ,
2012 2844 2132 2898 aut
2158 2848 2287 2921 ge·-

298 2981 550 3035 nerant
592 2960 910 3035 sobolem
942 2981 1100 3034 tum
1139 2958 1679 3033 imbecilliorem
1716 2981 1871 3031 tum
1912 2958 2281 3033 minorem.

297 3092 392 3169 ld
415 3092 616 3192 quod
643 3094 1044 3192 planissime
1077 3114 1367 3195 apparet
1384 3113 1454 3166 et
1482 3092 1559 3165 in
1588 3093 2001 3167 hominibus
2022 3114 2087 3164 et
2102 3120 2283 3190 qua-

296 3224 784 3327 dmpodibus,
849 3256 1030 3327 quae
1077 3228 1336 3303 animal
1383 3228 1703 3328 pariunt,
1768 3248 1837 3301 et
1882 3227 1969 3299 in'
2010 3226 2279 3299 auibus.

295 3337 604 3439 Illorum
652 3363 848 3437 enim
894 3362 1166 3463 proles3
1259 3363 1524 3438 horum
1553 3382 1712 3439 ‘oua
1758 3360 2049 3436 minima
2098 3380 2299 3434 sunt·

297 3498 516 3573 Aetas
539 3520 772 3573 autem
791 3497 886 3571 ad
915 3498 1185 3572 coitum
1215 3496 1733 3575 accommodata
1761 3522 1891 3572 suo
1916 3496 2175 3595 cuique
2208 3495 2285 3565 in

302 3660 552 3733 genere
581 3660 706 3731 per
737 3634 930 3710 idem
975 3636 1126 3711 fere
1157 3654 1430 3731 tempus
1459 3632 1787 3732 plurimis
1827 3635 2059 3707 euenit
2075 3685 2096 3723 ,
2148 3629 2287 3699 nisi

307 3764 680 3864 quippiam
709 3790 1006 3870 occupet
1045 3790 1168 3844 aut
1199 3794 1284 3842 ex
1316 3766 1640 3869 prodigio
1657 3823 1679 3859 ,
1730 3788 1851 3841 aut
1872 3794 1963 3839 ex
1996 3781 2285 3838 naturae
2334 3782 2337 3785 ’

305 3920 752 3976 nocumento.
803 3900 1028 4003 Igitur
1057 3906 1134 3979 in
1163 3903 1454 3980 homine
1484 3902 1749 3977 indicio
1783 3922 1881 3973 est
1906 3904 2060 3972 t'um
2076 3896 2286 3974 ‘vocis
2340 3928 2379 3973 2

304 4034 604 4111 mutatio
618 4090 641 4131 ,
692 4056 846 4112 uun
907 4040 1310 4139 genitalium
1354 4058 1446 4113 et
1496 4032 1905 4134 magnitudo
1948 4052 2035 4104 et·
2049 4030 2274 4127 facies,
2345 4025 2369 4035 ⁴
