2917 4959
630 489 773 556 DE
820 487 1299 559 ANIMAL.
1348 490 1623 567 HIST.
1681 497 1803 570 IX.
1867 509 1979 575 23.
2153 513 2298 588 415

326 690 482 742 tunt
524 667 699 742 alios
747 697 967 768 prope
994 697 1139 746 sese
1168 673 1508 750 habitare·
1571 675 1940 757 Venantur
1965 715 2130 766 sane
2156 719 2302 768 non
2355 722 2396 784 6

324 829 409 876 ex
436 797 685 880 vicinis
720 805 890 880 nido
919 806 1093 880 locis
1104 860 1129 894 ‚
1175 807 1301 882 sed
1329 835 1369 882 e
1394 811 1706 886 multum
1741 819 2042 896 remotis.
2083 825 2298 904 Prae-

320 935 483 1010 dam
511 939 855 1014 sublatam
878 968 1021 1015 non
1058 943 1293 1016 statim
1318 944 1492 1038 fert,
1543 947 1666 1022 sed
1688 949 2009 1051 deponit.
2083 959 2297 1059 Tum,

322 1073 677 1172 explorata
741 1062 997 1173 praeda
1016 1129 1037 1167 ‚
1104 1075 1466 1150 inuentam
1527 1082 1920 1176 grauiorem
1983 1089 2297 1172 dimittit.

318 1207 627 1306 Lepores
688 1232 834 1280 non
898 1208 1132 1280 statim
1194 1210 1524 1308 conipit,
1606 1211 1730 1288 sed
1766 1223 2172 1316 permittens
2221 1233 2300 1308 in

320 1366 1045 1440 campoprocurrere:
1093 1367 1321 1442 neque
1346 1344 1576 1418 statim
1607 1347 1686 1422 in
1715 1354 1944 1428 30111111
1965 1356 2296 1460 defertur,

320 1473 445 1550 sed
493 1501 765 1574 semper
794 1474 1131 1574 paulatim
1164 1479 1335 1552 orbe
1362 1478 1708 1558 interiore.
1808 1491 2092 1568 Horum
2131 1525 2298 1577 vero

321 1631 695 1710 Vtrumque
718 1609 918 1703 facit,
956 1631 1033 1686 vt
1055 1611 1273 1685 tutior
1301 1613 1390 1684 ab
1421 1613 1696 1690 insidiis
1727 1621 1834 1694 sit.
1887 1624 1972 1700 In
2003 1634 2294 1708 sublimi

314 1743 664 1835 considet,
704 1763 1073 1842 propterea
1104 1743 1304 1843 quod
1332 1745 1530 1822 tarde
1558 1777 1597 1820 a
1629 1772 1810 1826 terra
1835 1761 2125 1840 tollitur.
2203 1769 2294 1842 In

280 1877 537 1952 'altum
581 1877 808 1970 volat,
858 1897 935 1950 vt
986 1876 1293 1950 multum
1340 1879 1480 1954 loci
1527 1886 1753 1984 capiat
1781 1892 2035 1968 oeulis:
2086 1921 2294 2000 atque

315 2010 585 2086 idcirco
613 2015 700 2084 ab
730 2009 1138 2087 hominibus
1166 2013 1313 2087 sola
1342 2015 1584 2088 auium
1609 2017 1852 2096 diuina
1885 2032 2289 2126 appellatur.

313 2143 583 2218 Nullus
610 2163 840 2218 autem
854 2149 1338 2244 vncunguium
1358 2149 1657 2226 libenter
1687 2182 1898 2256 super
1918 2165 2098 2238 saxis
2128 2193 2294 2243 con-
2352 2200 2388 2260 7

312 2279 527 2371 sistit,
580 2277 847 2353 idcirco
880 2279 1048 2378 quia
1095 2281 1423 2356 cui-nitati
1465 2282 1751 2362 durities
1792 2291 2292 2398 impedimento

316 2434 437 2486 est.
498 2413 816 2487 Venatur
860 2413 1197 2488 hinnulos
1243 2437 1309 2490 et
1334 2419 1604 2518 lepores
1639 2443 1706 2496 et
1732 2429 1976 2528 vulpes
2009 2455 2081 2506 et
2121 2439 2294 2512 reli-

314 2575 454 2647 qua
482 2575 661 2646 quae
686 2546 903 2645 possit
930 2575 1272 2646 superare.
1324 2551 1478 2626 Diu
1508 2554 1746 2633 viuere
1773 2565 2084 2661 aquilam
2113 2599 2294 2672 oon-

312 2702 443 2755 stat
496 2709 581 2756 ex
627 2707 709 2756 eo
725 2735 747 2774 ,
800 2682 995 2782 quod
1038 2681 1227 2756 idem
1270 2683 1480 2758 nidus
1522 2685 1736 2788 longo
1770 2713 2082 2797 tempore
2109 2705 2291 2800 (alii

318 2817 628 2888 Codices
688 2816 988 2914 semper)
1050 2813 1273 2890 duret.
1342 2817 1634 2918 [Vulgo
1689 2827 1859 2927 Cap.
1923 2834 2284 2918 XXXIII,

316 2949 677 3047 scaligero
693 2949 967 3048 XLII.]
994 2948 1081 3024 In
1098 2949 1391 3052 Scythia
1423 2979 1638 3051 genus
1663 2961 1904 3040 auium
1929 2993 2031 3046 est
2045 3028 2068 3067 ‚
2097 2977 2288 3056 otide
2344 3005 2388 3064 8

312 3112 460 3159 11011
511 3083 783 3156 minus:
833 3067 975 3158 hoc
1017 3085 1198 3160 duos
1236 3087 1470 3186 pullos
1514 3091 1738 3186 parit:
1788 3069 1944 3176 ouis
1976 3135 2120 3184 non
2167 3113 2292 3188 in·-

313 3219 560 3306 cubat:
610 3216 837 3292 sedin
867 3218 1049 3316 pelle
1076 3220 1391 3318 leporina
1442 3243 1566 3300 aut
1607 3231 1895 3330 vulpina
1927 3237 2290 3341 impositos

312 3351 663 3452 relinquit.
768 3350 1075 3442 Quando
1118 3379 1263 3430 non
1304 3359 1494 3434 abest
1519 3363 1818 3440 venandi
1858 3396 2058 3451 causa
2072 3434 2096 3476 ‚
2147 3385 2288 3458 ob-

311 3511 537 3564 seruat
566 3489 642 3564 in
675 3516 947 3564 summa
988 3489 1273 3586 arbore3
1323 3512 1391 3566 et
1420 3494 1484 3566 si
1515 3497 1676 3598 quis
1701 3500 2090 3611 adscendat,
2139 3543 2287 3613 pu..

314 3645 477 3718 gnat
503 3645 571 3698 et
595 3627 913 3701 verberat
944 3625 1069 3698 alis
1084 3680 1107 3722 ‚
1158 3645 1235 3702 vt
1268 3627 1559 3726 aquilae.

359 3753 682 3846 ‚CAR
760 3759 1045 3834 xxm.
1134 3763 1394 3862 (vulgo
1471 3765 1627 3844 CA
1657 3771 1735 3847 P.
1821 3749 2180 3854 xxxiv.

944 3894 1297 3996 scaligero
1356 3899 1662 4005 XLm.)

288 4027 295 4036 '
406 4023 482 4100 N
482 4045 723 4102 octuae
770 4023 1129 4125 (glauces)
1178 4052 1245 4105 et
1277 4037 1664 4137 nocticorui
1729 4040 2282 4145 (nycticoraces)
