2917 4959
630 515 769 605 572
900 569 909 578 .
1071 566 1079 573 .
1228 494 1980 572 ARISTOTELIS

635 713 813 766 sunt.
912 689 997 762 In
1032 681 1323 786 Scyth-ia
1360 702 1430 788 et
1483 677 1742 752 Celtica
1787 701 2137 776 nusquam
2175 673 2586 776 gignuntur:

638 852 832 924 aegre
850 823 1037 896 enim
1054 817 1359 892 hiemem
1377 812 1692 887 tolerant.
1727 811 1814 884 In
1831 809 2094 884 Arabia
2109 829 2341 882 autem
2355 805 2594 884 lacerti

634 959 865 1034 cubito
876 955 1167 1028 maiores
1180 976 1201 1024 :
1230 971 1301 1024 et
1314 975 1548 1022 mures
1561 946 1783 1018 multo
1797 942 2195 1040 grandiores
2211 971 2426 1041 quam
2439 969 2520 1014 su
2526 961 2602 1015 nt

632 1089 819 1192 apud
850 1117 979 1165 nos
1026 1086 1293 1161 rustici.
1328 1082 1630 1181 (sorices
1665 1076 2060 1172 Scaliger.)
2105 1075 2602 1150 Amen-iuribus

632 1202 958 1303 cruribus
988 1221 1207 1320 palmi
1233 1212 1699 1315 longitudine:
1732 1207 2229 1310 posterioribus
2247 1228 2472 1286 autem
2493 1234 2601 1282 vs-

544 1379 584 1438 8
648 1391 789 1464 que
824 1359 915 1434 ad
930 1358 1233 1458 primam
1253 1356 1608 1429 flexuram,
1625 1349 1767 1420 fere
1793 1343 2030 1420 cubiti.
2081 1339 2166 1414 Iu
2183 1339 2430 1414 Africa
2455 1366 2608 1412 ser-

641 1520 937 1602 pentum
956 1494 1309 1588 ingens,vt
1340 1486 1568 1578 aiunt,
1601 1477 2046 1579 magnitudo:
2077 1475 2178 1550 sic
2203 1480 2392 1551 euim
2419 1503 2606 1576 prae·

648 1635 882 1708 dicant
918 1624 1283 1714 nonnulli,
1331 1647 1413 1693 eo
1452 1645 1618 1691 eum
1667 1613 2132 1713 appulissent,
2181 1611 2609 1710 conspexisse

646 1766 1037 1840 multorum
1060 1783 1213 1832 ossa
1259 1758 1478 1828 boum
1490 1806 1511 1844 ‚
1563 1749 1692 1849 qui
1734 1768 1886 1820 tum
1915 1745 2056 1819 illis
2087 1743 2484 1821 viderentur
2520 1747 2608 1818 ab

648 1897 989 1997 anguibus
1016 1888 1349 1965 deuorati.
1422 1889 1792 1961 Prouectas
1824 1882 2016 1978 enim
2041 1881 2354 1956 triremes
2381 1877 2614 1954 nihilo

653 2033 877 2107 secius
924 2046 1268 2124 serpentes
1320 2021 1636 2096 celeriter
1672 2019 2065 2092 insectatos:
2131 2031 2337 2112 atque
2369 2041 2617 2087 eorum

578 2235 587 2244 .
656 2169 921 2266 aliquot
948 2190 1113 2236 cum
1138 2160 1548 2232 inuasissent
1563 2209 1585 2248 ‚
1635 2154 1994 2228 triremem
2034 2149 2468 2222 subuenisses
2528 2149 2620 2222 Iu

656 2267 941 2397 Europa
999 2320 1283 2393 quoque
1327 2312 1536 2390 atque
1579 2289 1900 2387 Europae
1945 2305 2137 2384 parte
2173 2310 2254 2357 ea
2311 2304 2588 2356 tantum
2602 2338 2623 2376 ‚

658 2455 839 2528 quae
869 2429 1051 2500 inter
1068 2427 1470 2498 Acheloum
1504 2453 1582 2498 ac
1611 2423 1914 2496 Nessum
1944 2446 2223 2495 amnem
2246 2405 2623 2518 interiacet,
2709 2513 2713 2517 .

662 2565 823 2662 plus
844 2563 1130 2634 leonum
1156 2585 1373 2658 quam
1394 2559 1472 2628 in
1489 2557 1677 2630 Asia.
1735 2553 1996 2629 Contra
2017 2556 2106 2634 ‚iu
2124 2551 2294 2626 Asia
2321 2551 2626 2650 panthe-

572 2739 609 2801 7
670 2727 817 2792 rae,
850 2694 1247 2796 (pardale8,)
1282 2692 1363 2766 iu
1380 2696 1663 2790 Europa
1690 2690 1943 2766 nullae.
2018 2687 2337 2763 Omnino
2359 2687 2628 2765 veroin

666 2834 837 2916 Asia
860 2834 1045 2904 ferae
1074 2855 1313 2904 omnes
1330 2827 1775 2900 efferatiores:
1809 2821 2128 2906 fortiores
2149 2841 2382 2898 autem
2399 2823 2474 2896 in
2489 2822 2628 2898 Eu-

671 2993 859 3064 ropa.
926 2963 1195 3036 Multae
1212 2966 1514 3036 maxime
1533 2960 1790 3058 species
1816 2957 1893 3031 in
1902 2957 2164 3030 Africa.
2211 2957 2302 3029 Et
2330 2975 2631 3056 prouer—

670 3099 873 3172 bium
918 3098 1434 3171 circumfertur:
1515 3095 1804 3191 Semper
1851 3089 2125 3192 aliquid
2175 3093 2347 3167 noui
2381 3094 2634 3178 ,afferre

674 3231 1011 3305 Africam.
1078 3231 1263 3303 Cum
1292 3229 1482 3303 enim
1511 3227 1700 3326 regio
1729 3254 1809 3300 ea
1839 3229 2112 3304 laboret
2137 3257 2476 3330 aquarum
2503 3256 2632 3328 pe·-

677 3363 910 3456 nuria,
958 3393 1255 3437 occursu
1296 3383 1546 3437 mutuo
1589 3362 1680 3436 ad
1719 3364 2011 3462 aquulas
2038 3362 2219 3436 facto
2232 3416 2254 3455 ,
2307 3365 2632 3460 videntur

682 3531 760 3577 ea
802 3525 1083 3600 quoque
1099 3552 1120 3591 ‚
1171 3525 1353 3598 quae
1386 3524 1528 3572 non
1569 3497 1878 3571 eiusdem
1923 3496 2184 3594 generis
2230 3514 2421 3588 sunt,
2473 3517 2631 3569 tum

684 3637 891 3732 coire,
916 3659 1074 3709 tum
1106 3632 1313 3706 etiam
1338 3631 1661 3724 educare,
1692 3632 1752 3704 si
1784 3654 2094 3729 tempora
2105 3649 2300 3704 vtero
2327 3627 2636 3728 gerendo

608 3831 617 3842 .
686 3771 825 3844 sint
847 3770 1087 3845 eadem
1102 3823 1123 3862 ,
1166 3793 1391 3866 neque
1424 3767 1606 3840 inter
1625 3793 1698 3840 se
1715 3763 1912 3844 valde
1937 3762 2328 3864 discrepent
2360 3764 2636 3861 magni-,-

686 3903 947 3980 tudine.
998 3904 1373 4002 Mitescunt
1396 3922 1628 3975 autem
1653 3899 1958 3974 inuicem
1983 3901 2076 3974 ob
2101 3899 2388 3976 bibendi
2413 3925 2628 3974 vsum.

692 4037 949 4123 Contra
979 4067 1143 4118 vero
1172 4065 1403 4142 quam.
1428 4026 1565 4110 alsa
1592 4033 1906 4127 indigent
1938 4055 2112 4136 potu
2142 4033 2376 4112 hieme
2405 4031 2630 4132 potius
2685 4081 2688 4084 -
