2917 4959
639 475 778 546 156
923 469 934 478 '
977 528 984 534 .
1231 467 1993 538 ARISTOTELIS

633 655 726 730 ad
767 675 1000 754 gustus
1037 649 1348 724 officium
1391 651 1707 750 linguam
1751 651 2011 729 habent
2026 709 2047 747 ,
2098 652 2223 730 sed
2256 655 2591 732 incertam

633 813 858 888 atque.
885 789 1248 860 obscuram
1267 839 1289 878 ,
1333 785 1605 886 quippe
1652 813 1917 862 osseam
1968 810 2037 863 et
2082 788 2597 864 cohaerentem.

629 923 826 1008 Quin
859 920 1222 995 nonnullis
1251 945 1498 994 eorum
1530 923 1841 1022 palatum
1850 933 2241 1024 'earnosum
2268 946 2401 997 est:
2457 953 2593 998 eu·-

626 1053 930 1140 iusmodi
973 1055 1252 1155 cyprini
1299 1053 1481 1128 inter
1512 1055 1904 1134 fluuiatiles.
2008 1055 2253 1158 Itaque
2284 1084 2430 1132 non
2465 1086 2594 1134 ex—

623 1209 774 1263 acte
833 1190 1286 1293 inspectantes
1335 1185 1414 1260 id
1461 1187 1772 1289 linguam
1818 1215 1963 1264 esse
2008 1211 2273 1288 putant.
2374 1192 2595 1282 Quod

625 1347 858 1400 autem
889 1321 1228 1422 gustando
1263 1322 1589 1415 sentiant,
1642 1344 1862 1424 patet:
1916 1325 2126 1399 multi
2156 1325 2347 1400 enim
2372 1353 2595 1426 pecu-

625 1460 919 1537 liaribus
951 1455 1314 1556 saporibus
1359 1455 1805 1530 delectantur.
1908 1457 1985 1531 N
1986 1483 2098 1529 am
2130 1481 2200 1532 et
2240 1460 2495 1533 amiam
2528 1483 2593 1534 et

623 1597 915 1694 pingues
957 1590 1178 1690 pisces
1206 1610 1479 1687 praeter
1512 1609 1767 1662 ceteras
1796 1615 1981 1663 escas
2008 1591 2335 1690 inprimis
2370 1619 2591 1692 appe-

621 1741 816 1821 tunt3
867 1751 999 1823 pro
1001 1745 1232 1821 pterea
1277 1723 1475 1823 quod
1524 1723 1867 1797 eiusmodi
1912 1749 2223 1798 escarum
2259 1745 2465 1824 gustu
2504 1754 2595 1800 ae

522 1881 562 1943 5
621 1861 780 1934 cibo
809 1855 1166 1957 gaudeant.
1233 1853 1539 1932 Auditus
1568 1853 1800 1929 autem
1824 1877 2031 1956 atque
2060 1857 2397 1934 odoratus'
2414 1861 2599 1948 nul-3

613 1999 770 2074 lum
801 1995 1061 2067 habent
1091 1992 1631 2065 instrumentum
1666 1990 2125 2067 manifestum.
2230 1993 2421 2068 Nam
2460 1996 2589 2070 etsi

617 2129 694 2206 id
723 2127 944 2207 videri
975 2130 1284 2230 cuipiam
1317 2126 1568 2226 possit,
1618 2123 1819 2225 quod
1848 2124 1941 2198 ad
1971 2124 2124 2200 loea
2146 2127 2425 2212 narium
2460 2149 2587 2223 est,

617 2291 764 2340 non
805 2291 966 2339 sane
1007 2263 1250 2338 transit
1281 2261 1372 2335 ad
1413 2262 1815 2350 cerebrum3
1866 2258 1989 2332 sed
2027 2260 2283 2358 partim
2310 2288 2457 2336 non
2490 2285 2589 2338 est

527 2408 564 2460 :3
615 2398 944 2497 peruium
955 2443 988 2490 ,-
1029 2397 1286 2496 partim
1317 2394 1409 2468 ad
1435 2393 1806 2470 branchias
1836 2394 1993 2467 fert.
2058 2393 2327 2467 Eorum
2356 2417 2585 2474 tamen

492 2583 499 2590 -
615 2551 761 2604 tam
808 2528 1088 2604 auditus
1153 2557 1367 2630 quam
1413 2529 1713 2602 olfactus
1760 2526 2123 2603 manifesta
2168 2503 2369 2604 eunt:
2454 2531 2583 2607 visi

614 2667 806 2741 enim
847 2688 1011 2741 sunt
1049 2665 1285 2763 sugere
1331 2661 1655 2760 strepitus
1699 2663 2051 2760 grauiores
2066 2717 2089 2756 ‚
2140 2663 2379 2760 quales
2420 2680 2583 2741 sunt

610 2801 1008 2876 triremium
1042 2797 1361 2898 remigia,
1415 2795 1591 2872 adeo
1619 2819 1696 2872 vt
1718 2795 1795 2868 in
1828 2793 2265 2870 diuertieulis
2292 2797 2435 2872 suis
2466 2799 2583 2873 fa·-

513 2945 558 3008 6
609 2932 747 3006 cile
773 2922 1546 3033 eoinprehenderentur.
1615 2923 1804 3008 Nam
1830 2931 2099 3004 tametsi
2114 2951 2305 3005 extra
2326 2959 2593 3031 aquam.

609 3093 824 3140 sonus
853 3067 1155 3176 exiguus
1202 3067 1354 3160 sit,-
1397 3068 1541 3146 suh,
1572 3091 1751 3164 aqua
1795 3084 2021 3136 tamen
2066 3066 2198 3164 qui
2244 3065 2541 3141 audiunt
2556 3123 2579 3162 ‚

609 3199 725 3272 his
751 3199 1056 3276 difficilis
1093 3227 1525 3302 magnusque
1552 3221 1761 3298 atque
1786 3198 1997 3272 etiam
2028 3201 2263 3298 grauia
2290 3227 2437 3274 esse
2464 3201 2585 3277 vi-

609 3331 832 3407 detur.
935 3333 1022 3407 Id
1059 3333 1255 3436 quod
1298 3327 1537 3408 euenit
1584 3331 1795 3406 etiam
1841 3329 2006 3408 eu'm
2044 3331 2417 3430 delphinos
2448 3361 2581 3408 ve·-

605 3488 898 3541 nantur:
949 3455 1112 3542 nam
1153 3469 1275 3545 vbi
1309 3495 1554 3543 eorum
1598 3495 1845 3568 agmen
1888 3465 2137 3540 lembis
2168 3462 2573 3560 cinxerunt,

601 3603 896 3701 strepitu
938 3601 1102 3676 inde
1147 3602 1223 3676 in
1271 3594 1451 3678 inari
1490 3603 1817 3695 excitato,
1876 3599 2109 3672 cuncti
2147 3594 2447 3692 faciunt,
2496 3621 2583 3675 vt

604 3735 874 3836 impetu
929 3759 1130 3838 capto
1167 3727 1490 3839 fugiant,
1568 3759 1773 3837 atque
1812 3731 2097 3807 exiliant
2152 3731 2229 3806 in
2276 3751 2571 3828 terram,

605 3870 726 3942 vbi
759 3897 924 3970 prae
951 3871 1185 3947 sonitu
1217 3895 1423 3972 eaput
1443 3863 1709 3970 grauati
1738 3863 2129 3963 capiantur.
2192 3867 2312 3942 -Et
2339 3888 2576 3942 tamen

519 4031 536 4052 ²
601 4002 961 4104 delphinis
1009 4007 1288 4086 nullum
1312 4023 1622 4107 ,apparet
1682 3998 1959 4098 audium
2006 3992 2569 4090 instrumentumj
