2917 4959
726 435 869 503 DE
930 430 1410 503 ANIMAL
1480 430 1765 506 HlsT.
1818 436 1913 505 V.
1972 460 2080 529 19.
2233 444 2382 513 215

388 638 763 720 propterea
828 614 1029 716 quod
1076 616 1399 714 principe
1444 637 1760 708 careant,
1845 616 1968 691 sed
2017 620 2230 718 quia,
2309 645 2384 697 it

394 754 605 827 aiunt
620 807 643 844 ‚
694 752 1055 827 conferant
1082 748 1173 823 ad
1203 776 1419 848 apum
1448 751 2009 847 generationem3
2059 752 2242 829 sieut
2273 780 2384 833 et·-

391 887 573 977 iam,
624 885 685 958 si
726 885 943 961 multi
974 906 1175 977 sunt,
1224 881 1644 973 distrahunt.
1751 885 2078 963 Ver-num
2107 908 2382 989 tempus

390 1020 453 1095 si
496 1048 653 1093 sero
686 1026 970 1120 ap'petat
1002 1038 1073 1089 et
1104 1017 1494 1115 squallente
1525 1018 1763 1112 coelo,
1814 1019 2120 1120 itemque
2153 1042 2224 1095 et
2253 1050 2384 1095 ru·-

384 1154 627 1255 higine
642 1212 665 1249 ‚
700 1156 978 1229 foetura
1006 1151 1520 1249 infrequentior
1553 1154 1674 1246 fit3
1707 1152 1829 1229 sed
1857 1154 2040 1229 sicoo
2073 1176 2383 1255 tempore

392 1291 590 1389 plus.
624 1288 859 1361 mellis
924 1306 1341 1383 operantur3
1420 1284 1676 1387 Pluuio
1725 1285 2038 1365 foeturae
2083 1290 2378 1367 student.

320 1418 327 1429 ’
388 1422 647 1519 Itaque
680 1422 889 1495 simul
922 1441 1025 1493 est
1053 1439 1121 1493 et
1150 1418 1508 1493 oliuarum
1539 1440 1610 1495 et
1633 1420 1860 1495 foetus
1886 1424 2110 1523 copia.
2182 1424 2380 1501 Con-.-

392 1576 676 1633 struunt
717 1554 927 1653 igitur
978 1553 1213 1654 primo
1242 1553 1486 1647 faucis,
1537 1552 1794 1629 deinde
1817 1556 2091 1633 foetum
2123 1558 2382 1637 indum

382 1718 511 1767 ore
542 1688 849 1784 editum,
902 1710 979 1766 τι
1002 1688 1203 1761 aiunt
1216 1742 1241 1781 ‚
1292 1687 1425 1787 qui
1448 1688 1734 1763 aliunde
1755 1690 1940 1765 ferre
1955 1689 1993 1763 ,ἰ
1995 1718 2202 1791 psum
2231 1714 2380 1765 tra·-

382 1822 601 1919 dunt;
669 1822 923 1899 deinde
966 1824 1066 1897 ita
1110 1823 1257 1897 mel
1274 1878 1297 1917 ,
1362 1848 1510 1926 quo
1563 1824 1872 1917 alantur,
1938 1846 2082 1899 tam
2130 1845 2379 1909 aestate

382 1986 605 2059 quam
648 1978 1007 2033 autumno.
1108 1956 1546 2031 Autumnale
1575 1984 1742 2033 vero
1767 1958 2224 2057 praestantius
2255 1980 2374 2033 est.

372 2093 609 2169 Fauos
656 2120 699 2169 e
736 2093 1033 2187 floribus
1076 2092 1500 2185 conficiunt,
1549 2089 1984 2187 melliginem
2023 2118 2110 2167 ex
2147 2096 2365 2167 arbo-'-

374 2256 553 2301 rum
572 2226 885 2299 lacrima.
967 2224 1123 2299 Mel
1153 2245 1383 2297 autem
1404 2252 1494 2297 ex
1525 2252 1684 2299 aere
1711 2223 1900 2297 eadit
1915 2278 1938 2317 ‚
1971 2227 2376 2323 praesertim

378 2359 701 2437 siderum
730 2379 929 2452 ortu,
982 2356 1341 2457 atqueyhi
1374 2357 1774 2433 incubuerit
1805 2358 2118 2433 coelestis
2147 2388 2368 2435 arcus.

380 2498 571 2596 (alii
590 2491 856 2589 sirius.)
926 2492 1183 2591 Neque
1214 2493 1407 2567 enim
1440 2515 1602 2567 ante
1630 2513 1864 2567 ortum
1896 2494 2374 2595 Vergiliarum

376 2632 525 2707 mel
554 2633 655 2705 fit.
762 2630 1033 2717 Geram,
1052 2627 1287 2725 igitur,
1318 2649 1396 2703 vt
1421 2626 1768 2723 diximus,
1811 2631 2082 2705 faciunt
2107 2657 2192 2703 ex
2227 2634 2369 2705 sso-

374 2767 613 2841 ribus:
664 2763 812 2837 mel
844 2784 1083 2837 antem
1113 2788 1261 2837 non
1306 2761 1610 2857 faciunt,
1659 2762 1786 2837 sed
1823 2760 1902 2837 id
1936 2762 2132 2865 quod
2171 2761 2367 2837 deci-

372 2900 489 2977 dit
550 2902 794 2999 legunt
856 2919 1154 2971 tantum.
1261 2894 1488 2987 Cuius
1547 2896 1651 2971 rei
1700 2918 2186 2997 argumentum
2228 2916 2364 2973 est':

380 3061 526 3127 vno
573 3036 763 3109 enim
806 3052 931 3105 aut
980 3032 1195 3105 altero
1254 3028 1373 3107 die
1420 3016 1676 3131 apiarii
1733 3032 1946 3105 cellas
1994 3030 2369 3107 inueniunt

378 3170 593 3255 melle
636 3169 893 3267 plenas.
992 3166 1355 3241 Praeterea
1394 3186 1737 3241 autumno
1785 3168 1996 3240 flores
2039 3189 2206 3241 sunt
2220 3222 2242 3261 ‚
2297 3188 2367 3245 et

378 3325 615 3377 tamen
642 3300 925 3375 nullum
964 3302 1045 3373 fit
1074 3300 1253 3393 mel,
1304 3301 1367 3373 si
1400 3321 1798 3375 castrentur.
1865 3274 2198 3377 castratis
2221 3300 2362 3399 igi-

374 3462 494 3514 tur
536 3436 865 3512 alueariis
881 3489 905 3530 ‚
952 3460 1121 3507 cum
1154 3456 1277 3507 aut
1304 3434 1543 3509 inedia
1581 3458 1742 3532 apes
1783 3456 1902 3509 aut
1929 3436 2222 3535 penuria
2250 3434 2362 3510 la-.

373 3576 663 3667 borant,
713 3589 1169 3672 operarentur
1194 3569 1333 3642 sihi
1374 3570 1520 3643 mel
1533 3620 1560 3663 ‚
1609 3568 1668 3639 si
1701 3594 1783 3643 ex
1809 3571 2106 3645 floribus
2131 3572 2361 3641 eonfi-

2442 891 2490 961 3.

380 3726 669 3781 oen-etur.
768 3704 1181 3783 Maturitate
1210 3703 1544 3803 spissatur
1573 3706 1745 3777 mel:
1798 3730 1962 3779 nam
2003 3728 2129 3801 per
2157 3700 2355 3780 initia
2415 3719 2452 3777 5

374 3840 649 3916 dilutae
698 3867 917 3939 aquae
957 3838 1173 3915 modo
1215 3838 1464 3915 diebus
1517 3840 1784 3939 aliquot
1831 3836 2188 3936 liquidum
2235 3858 2352 3911 est.

380 3974 553 4065 Quo
596 3994 915 4077 tempore
938 3975 1203 4055 etiamsi
1230 3974 1687 4077 exprimatur,
1737 3997 2044 4047 crassum
2071 3995 2212 4047 non
2239 3996 2354 4051 est.
