2917 4959
602 1069 645 1130 3

700 470 845 542 416
1314 462 2067 554 ARISTOTELIS

700 656 1060 752 attingunt.
1100 646 1251 724 Alii
1288 645 1363 722 in
1396 645 1644 732 arbore
1677 664 1800 718 aut
1827 647 1998 720 alibi
2029 649 2498 724 considentem
2522 680 2678 726 eam

702 788 887 868 nacti
938 804 1306 862 venantur:
1382 777 1592 867 humi
1648 799 1882 854 autem
1935 761 2052 856 aut
2105 786 2482 858 sublimem
2531 815 2684 860 non

698 939 1003 1018 tangunt.
1104 919 1255 992 Alii
1286 941 1520 1015 neque
1559 914 1762 988 humi
1797 941 2024 1016 neque
2073 919 2246 992 alibi
2281 920 2684 994 consisten-

698 1077 837 1132 tem
850 1111 877 1152 ,
938 1052 1067 1130 sed
1094 1054 1449 1128 volantem
1495 1067 1828 1147 appetunt
1869 1075 2131 1148 capere.
2231 1051 2464 1126 Aiunt
2507 1081 2689 1128 vero

696 1192 909 1266 etiam
964 1185 1313 1264 columbis
1370 1179 1929 1282 vnumquodque
2007 1181 2274 1256 horum
2339 1213 2692 1286 generum

698 1348 949 1402 nomm
982 1349 1142 1398 esse.
1194 1318 1443 1420 Itaque
1467 1318 1528 1391 si
1556 1310 1718 1416 quis
1743 1315 2028 1392 aduolet
2057 1343 2326 1414 eorum,
2359 1321 2487 1420 qui
2504 1323 2686 1394 sub-

700 1461 903 1536 limes
934 1455 1375 1558 praedantur,
1422 1478 1706 1526 manere
1739 1478 1851 1526 eas
1880 1452 2000 1529 vbi
2029 1452 2312 1528 fuerint.
2385 1455 2517 1530 Sin
2545 1454 2682 1529 ad-

702 1594 943 1669 volans
976 1617 1061 1666 ex
1092 1590 1177 1662 iis
1206 1590 1318 1681 sit,
1356 1587 1484 1687 qui
1516 1587 1605 1660 ab
1636 1585 1862 1662 humo
1891 1609 2159 1686 petunt,
2199 1617 2346 1664 non
2375 1617 2675 1684 manere,

702 1725 829 1800 sed
872 1725 1172 1798 euolare.
1288 1719 1375 1794 In
1422 1719 1770 1794 Thraciae
1817 1723 1987 1796 vrbe
2029 1749 2212 1823 quae
2263 1725 2677 1824 Cedropolis

702 1861 881 1937 olim
918 1855 1301 1934 vocabatur
1320 1911 1343 1950 ,
1392 1857 1759 1930 communi
1806 1859 2170 1934 venatione
2211 1887 2378 1934 cum
2411 1861 2676 1958 accipi-

700 1995 927 2072 tribus
959 2013 1297 2070 venantur
1324 1989 1650 2076 homines
1679 1991 1988 2064 auiculas
2018 1993 2094 2066 in
2123 1992 2398 2091 palude.
2497 1995 2678 2098 Per-

704 2129 862 2205 ticin
904 2127 1095 2202 enim
1138 2145 1425 2200 mouent
1460 2125 1834 2200 arundines
1865 2145 1932 2200 et
1963 2127 2214 2212 siluam
2242 2129 2354 2202 illi
2371 2184 2392 2222 ‚
2441 2150 2518 2204 vt
2549 2157 2680 2204 vo-

701 2265 851 2340 lent
896 2261 1233 2338 aniculae.
1346 2259 1450 2334 At
1493 2260 1852 2360 accipitres
1913 2259 2211 2362 desuper
2270 2285 2676 2364 apparentes

702 2398 1147 2474 insectantur.
1296 2395 1438 2468 Eae
1499 2395 1990 2470 extet-refactae
2048 2397 2374 2472 deorsum
2437 2402 2674 2478 volant

701 2534 959 2609 iterum
994 2527 1083 2604 ad
1128 2549 1399 2602 terram.
1503 2529 1698 2616 Quas
1731 2533 2000 2608 baculis
2030 2534 2352 2609 homines
2383 2508 2672 2610 caedunt

707 2695 792 2745 ac
822 2666 1106 2768 capiunt
1122 2719 1145 2759 ,
1195 2685 1403 2764 atque
1433 2656 1594 2736 illos
1625 2664 1876 2762 praeda
1903 2666 2338 2767 impertiunt.
2439 2671 2676 2746 Proii-

706 2805 905 2880 ciunt
935 2802 1125 2876 enim
1148 2825 1235 2874 ex
1266 2799 1516 2920 auibus
1530 2853 1554 2894 ,
1601 2821 1810 2900 atque
1836 2801 1947 2875 illi
1971 2803 2276 2902 capiunt.
2359 2805 2459 2880 At
2487 2806 2672 2879 circa

702 2931 1133 3013 Maeotidan
1178 2935 1510 3034 paludem
1552 2937 1758 3036 lupos
1799 2939 1994 3011 aiunt
2029 2936 2106 3012 id
2135 2967 2336 3038 agere
2381 2965 2472 3015 ex
2493 2967 2672 3016 con-

700 3068 1104 3164 suetudine,
1169 3092 1245 3146 vt
1302 3071 1363 3144 si
1430 3073 1805 3170 piscatores
1861 3099 2008 3147 non
2059 3075 2547 3174 impertiantur
2593 3103 2674 3150 ex

700 3206 1045 3306 piscibus,
1098 3204 1472 3279 dilacerent
1495 3231 1740 3280 eorum
1768 3207 1936 3282 retia
1949 3263 1972 3302 ‚
2023 3239 2188 3286 cum
2219 3211 2292 3284 in
2319 3232 2506 3288 terra
2531 3210 2673 3284 sic-

701 3359 968 3416 cantur.
1050 3339 1325 3416 Auium
1346 3338 1564 3438 igitur
1599 3361 1846 3416 natura
1876 3343 1979 3418 'sie
2015 3371 2088 3420 se
2117 3343 2347 3420 habet.

804 3575 868 3652 c
890 3577 963 3653 A
988 3573 1071 3653 Ρ.
1136 3577 1382 3653 xxv.
1454 3579 1697 3680 (vulgo
1761 3581 2150 3657 xxxvn.
2219 3581 2574 3682 scaligero

1314 3711 1376 3785 c
1408 3712 1480 3788 A
1508 3714 1585 3789 P.
1688 3715 2064 3817 vam.)
2555 3703 2560 3708 ’

852 3878 1085 3956 Etiam
1116 3879 1193 3954 in
1240 3880 1528 3998 marlnis
1569 3884 2038 3964 animantibus
2077 3885 2240 3961 licet
2283 3887 2505 3960 multa
2537 3889 2672 3960 ob-

704 4039 1021 4116 ·θωὸῐᾨ,
1070 4045 1253 4121 quae
1292 4043 1536 4116 earum
1575 4020 1795 4100 vitam
1837 4051 1984 4110 nou
2029 4021 2324 4104 inertem
2353 4021 2668 4124 prodant.
