2917 4959
688 494 833 565 DE
882 437 1375 565 AmMAt.
1428 491 1714 560 Hls'r.
1765 494 1953 565 vm.
1999 484 2075 569 ἀ.
2231 462 2366 570 32i

393 678 717 757 omnihus
768 697 839 751 et
878 673 1112 751 studia
1151 696 1217 749 et
1242 674 1395 751 vita·
1415 678 1752 751 versatur.‘
1853 674 2118 755 Omnes
2145 703 2376 759 autem

391 816 533 891 cibi
594 812 931 893 differunt
988 810 1135 885 eius
1160 809 1670 909 ‚potissimum·
1699 811 2026 887 inateriae
2088 818 2372 913 ratione,

389 946 787 1028 cuiusmodi
838 974 877 1021 e
923 945 1209 1021 materia
1280 966 1445 1021 sunt
1493 943 1870 1019 constituti.
1963 946 2083 1021 ‘Ex
2115 950 2374 1027 eadem

387 1086 577 1159 enim
606 1088 689 1159 fit'
708 1080 1099 1157 seeundum
1132 1098 1455 1154 naturam
1475 1078 1814 1177 cuiusque
1841 1079 2364 1161 incrementum.

386 1220 493 1295 At
533 1216 737 1319 quod
786 1214 1171 1291 secundum
1216 1234 1538 1289 naturam
1578 1232 1712 1305 απτ,
1763 1240 1978 1292 suaue
2009 1238 2126 1291 est.
2229 1220 2367 1297 Se-

388 1375 709 1455 quuntur
744 1372 977 1427 autem
1000 1349 1239 1427 munia
1262 1347 1655 1423 naturalem
1687 1349 2134 1447 voluptatem.
2299 1333 2310 1342 ’

1124 1586 1183 1661 C
1234 1585 1306 1659 A
1356 1585 1431 1659 P.
1536 1586 1628 1661 ΙΙ.

528 1756 889 1832 Differunt
914 1753 1125 1829 etiam
1143 1753 1474 1829 animalia
1493 1753 1880 1829 secundum
1911 1757 2100 1853 loca,
2133 1757 2363 1854 (quae
2418 1772 2446 1798 ·“

382 1892 799 1991 habitant.)
844 1889 1213 1979 Quaedam
1240 1889 1431 1973 enim,
1456 1890 1536 1961 in
1571 1900 1752 1963 terra
1791 1890 2086 1986 agitant,
2141 1920 2362 1990 quae·-

382 2026 547 2103 dam
578 2050 809 2103 autem
832 2028 911 2101 in
940 2025 1140 2124 aquis
1176 2045 1467 2109 tantum.
1574 2021 1960 2097 Trifariam
1987 2050 2156 2098 vero
2189 2024 2363 2104 haec

378 2162 768 2237 differentia
799 2159 1082 2252 dicitur,
1132 2161 1231 2232 ita
1260 2180 1339 2235 vt
1362 2186 1478 2250 ea,
1526 2186 1706 2257 quae
1734 2159 2084 2257 recipiunt
2110 2189 2360 2257 aetem,

380 2296 767 2385 terrestria,
834 2295 997 2385 illa,
1049 2319 1227 2390 quae
1276 2320 1526 2391 aquam
1545 2348 1566 2385 ,
1618 2293 1948 2391 aquatilia
1995 2298 2360 2395 appellen·-

378 2450 529 2533 tur:
596 2452 779 2527 quae
820 2454 987 2501 vero
1032 2424 1218 2524 [non
1250 2428 1630 2521 recipiunt
1669 2428 2006 2521 quidem,
2061 2432 2234 2532 sed]
2267 2434 2362 2507 ita

378 2594 417 2639 a
450 2584 701 2641 natura
726 2584 1101 2661 temperata
1126 2580 1309 2656 sunt,
1329 2585 1406 2638 vt
1433 2563 2026 2661 refrigerationem
2055 2568 2142 2639 ab
2171 2588 2362 2643 vtro-

376 2728 517 2801 que
560 2702 903 2775 elemento
950 2696 1319 2773 admittant
1336 2752 1357 2791 ,
1410 2719 1532 2771 aut
1573 2698 1924 2805 terrestria
1973 2720 2096 2771 aut
2138 2727 2362 2797 aqua-

375 2836 525 2909 tilia
566 2854 907 2911 vocantur
925 2888 947 2927 ,
997 2833 1323 2933 quamuis
1372 2860 1500 2905 nec
1547 2832 1814 2929 spirent
1857 2837 1988 2905 nec
2021 2832 2360 2931 recipiant

374 2996 671 3069 aquam..
752 2968 917 3041 Alia
946 2994 1115 3043 vero
1158 2988 1227 3041 et
1274 2966 1516 3040 cibut'n
1559 2966 1850 3065 capiunt
1889 2986 1957 3042 et
1985 2963 2248 3064 degunt
2279 2965 2358 3037 in

375 3114 677 3200 Vtroque
720 3103 1092 3175 elemento:
1162 3100 1391 3175 multa
1439 3102 1630 3175 enim
1674 3124 1906 3175 aerem
1955 3098 2358 3196 recipientia

374 3258 443 3329 et
473 3235 551 3309 in
570 3242 771 3309 ,terra
810 3234 1143 3333 parientia
1170 3236 1412 3309 cibum
1460 3260 1547 3310 ex
1593 3235 1930 3334 aquaticis
1961 3252 2207 3333 petunt
2237 3234 2358 3307 lo·-

374 3371 473 3447 οἱς
488 3426 511 3465 ,
580 3360 1119 3471 plurimumque
1178 3369 1514 3467 temporis
1581 3371 1656 3445 in
1719 3396 1898 3468 aqua
1949 3387 2350 3445 versantur:

372 3532 563 3605 quae·
588 3504 737 3579 sola
761 3503 1179 3579 animalium
1208 3502 1538 3581 videntur
1561 3525 1936 3605 Vtramque·
1959 3502 2202 3579 sortita
2233 3526 2356 3571 na·

376 3660 639 3735 turam;
690 3641 955 3741 quippe
998 3661 1069 3717 et
1098 3658 1173 3715 vt
1213 3640 1562 3715 terrestria
1591 3662 1674 3717 ‚et
1722 3638 2054 3740 aquatilia
2083 3661 2160 3709 ea
2193 3632 2354 3730 quis

374 3794 673 3848 statuere
734 3777 967 3873 possit.
1054 3770 1333 3875 [Vulgd
1401 3774 1570 3876 Cap.
1640 3776 1773 3874 IL]
1846 3773 2046 3859 Quae
2113 3786 2344 3843 autem

373 3936 631 4008 aquam
680 3884 1043 4007 recipiunt,
1086 3938 1335 3987 eorum
1365 3938 1594 4010 neque
1627 3922 1946 3983 terrestre
1975 3904 2354 4003 (gressile)

376 4070 605 4141 neque
632 4042 913 4120 volatile
936 4044 1161 4119 vnum
1200 4042 1289 4118 de
1319 4066 1501 4119 terra
1531 4045 1774 4120 cibum
1805 4042 1992 4140 p‘etit.
2073 4038 2176 4113 At
2203 4056 2352 4113 ter-—

1495 4180 1568 4251 X
