2917 4959
667 451 757 521 ,4
966 493 975 500 .
1264 437 2014 510 ARISTo'rnms

648 653 876 718 vetur,
928 623 1187 695 interit:
1242 620 1418 696 inest
1446 624 1652 696 etiam
1679 623 1908 717 aliud,
1928 655 1944 668 ·
1963 625 2036 698 in
2066 651 2210 723 quo
2237 625 2358 702 ille
2391 635 2624 709 existit

653 765 928 836 humor.
1033 754 1293 856 Aliqua
1330 756 1520 830 enim
1565 757 1886 830 animalia
1929 757 2188 832 habent
2231 783 2306 860 et·
2331 769 2624 864 sangui-

652 921 812 972 nem
838 911 903 965 et
928 915 1206 965 venam:
1243 889 1476 990 aliqua
1495 889 1692 962 aliud
1713 890 1890 989 quid
1918 921 2160 968 eorum
2183 896 2342 971 loco
2360 953 2382 990 ,
2417 899 2620 994 (haec

650 1049 879 1134 autem
926 1025 1323 1124 imperfecta
1359 1025 1601 1120 sunt,)
1639 1026 1889 1100 fibram
1908 1063 1914 1068 ·
1935 1029 2191 1102 scilicet
2233 1053 2301 1104 et
2329 1033 2620 1104 saniem'

648 1163 904 1238 Tactus
957 1160 1167 1258 igitur
1220 1159 1467 1259 partie
1517 1159 1873 1257 particulis
1929 1161 2108 1232 inter
2153 1189 2224 1236 se
2263 1164 2611 1238 similibus

648 1295 990 1371 constanti
1025 1295 1272 1364 insitus
1299 1312 1432 1382 est3
1486 1292 1879 1366 cuiusmodi
1907 1321 2067 1367 caro
2093 1318 2226 1386 est,
2279 1318 2396 1368 aut
2423 1298 2614 1370 eius·-

644 1430 815 1503 dem
847 1426 1111 1526 generis
1142 1424 1526 1522 quidpiam.
1633 1426 1948 1498 Omnino
1987 1447 2213 1500 autem
2243 1429 2420 1502 inest
2447 1457 2612 1502 san-

644 1563 917 1662 guineis
945 1561 1253 1657 partibus
1286 1560 1477 1631 ineo
1501 1583 1746 1653 genet-e
1771 1557 2214 1649 animalium,
2247 1587 2425 1658 quae
2447 1589 2613 1634 san-

644 1689 929 1795 'guinem
966 1692 1267 1766 babent:⁴
1312 1693 1405 1763 in'
1441 1693 1630 1784 aliis,
1681 1692 1994 1790 partibus
2041 1693 2126 1764 iis
2173 1695 2378 1785 inest,
2432 1723 2610 1793 quae

560 1815 564 1820 ⁸
640 1829 1102 1928 proportione
1126 1828 1265 1899 illis
1298 1824 1736 1924 respondent.
1808 1825 2158 1898 Omnibus
2183 1841 2414 1905 autem
2437 1841 2611 1902 'sen-
2655 1807 2658 1812 ”

642 1989 800 2034 sum
844 1961 1037 2032 hunc
1078 1961 1566 2059 repraesentari
1610 1987 1735 2058 per
1775 1981 2000 2057 partes
2045 1961 2388 2034 similibus
2431 1965 2610 2036 inter

639 2125 717 2170 -se
754 2096 1102 2196 particulis
1139 2115 1550 2186 constantes,
1603 2093 2040 2166 manifestum
2075 2111 2190 2164 est.
2293 2093 2608 2166 Potestaq-

640 2253 739 2303 tes
775 2251 1038 2322 autem,
1090 2255 1265 2326 quae
1293 2226 1383 2299 ad
1412 2228 1714 2300 actiones
1751 2226 2134 2324 pertinent,
2187 2252 2302 2298 eae
2331 2225 2404 2298 in
2437 2239 2604 2322 'par-

634 2364 827 2433 tibus
856 2362 941 2430 iis
956 2415 975 2449 ,
1030 2389 1207 2457 quae
1232 2362 1650 2458 compositae
1685 2377 1850 2430 sunt
1876 2386 1915 2430 e
1947 2358 2300 2455 particulis
2329 2360 2508 2434 inter
2535 2385 2604 2432 se

636 2492 1091 2566 dissimilibus
1108 2547 1128 2586 ,
1182 2493 1591 2566 constitutae
1632 2511 1810 2562 sunt.
1913 2491 2034 2563 Sic
2074 2519 2194 2564 ore
2240 2496 2606 2568 conficitur

634 2627 870 2721 cibus3
924 2629 1081 2698 loco
1113 2647 1486 2699 mouentur
1515 2624 1836 2701 animalia
1870 2624 2164 2722 pedibus
2191 2647 2306 2698 aut
2335 2627 2460 2698 alis
2483 2650 2601 2702 aut

632 2763 789 2832 aliis
852 2759 1183 2831 membris
1232 2759 1346 2830 his
1406 2759 1771 2833 similibus.
1819 2797 1826 2805 ·
1872 2755 1992 2829 Ad
2039 2756 2211 2830 haec
2258 2759 2597 2857 quaedam

634 2893 960 2965 animalia
996 2915 1309 2966 constant
1336 2894 1702 2992 sanguine,
1753 2890 1945 2966 velut
1979 2889 2298 2963 h'omines
2327 2913 2395 2965 et
2433 2895 2596 2991 equi

634 3027 705 3097 et
728 3051 966 3099 omnes
995 3028 1402 3118 animanteS,
1446 3054 1622 3123 quae
1649 3019 1768 3096 aut
1797 3022 2088 3120 pedibus
2113 3047 2378 3116 carent,
2416 3027 2598 3100 alio—

628 3160 760 3256 qui
792 3159 1165 3255 perfectae,
1214 3151 1677 3255 autbipedes,
1725 3177 1843 3231 aut
1862 3157 2382 3257 quadrupedes:
2429 3163 2598 3233 aliae

628 3313 861 3362 autem
894 3317 1237 3389 exangues
1266 3313 1466 3384 sunt,
1495 3315 1572 3366 vt
1601 3293 1748 3389 apis
1778 3313 1846 3364 et
1876 3319 2118 3390 vespa,
2151 3313 2219 3365 et
2243 3319 2282 3363 e
2307 3291 2594 3391 marinis

625 3425 815 3520 sepia
844 3447 913 3497 et
937 3426 1237 3517 locusta,
1290 3423 1593 3524 denique
1626 3426 1896 3518 omnia,
1950 3453 2126 3525 quae
2153 3426 2386 3521 p'lures
2413 3443 2596 3520 qua-

628 3559 838 3631 ternis
872 3557 1083 3656 pe'des
1120 3559 1399 3634 habent.
1699 3603 1702 3611 ·

1056 3691 1114 3764 C
1165 3692 1235 3763 A
1287 3693 1362 3765 P.
1467 3691 1594 3768 IV.
1701 3695 1950 3790 (vulgo‘
2039 3690 2162 3786 V.)
2301 3757 2307 3764 .

743 3828 923 3901 Sunt
946 3847 1295 3925 praeterea
1318 3827 1696 3902 animantes
1721 3826 2060 3928 quaedam
2076 3882 2099 3918 ,
2137 3849 2317 3923 quae
2338 3824 2590 3902 animal

626 3964 938 4056 pariunt:
988 3959 1337 4061 quaedam
1364 3988 1624 4062 ouum,
1675 3961 2016 4066 quaedam
2043 3985 2370 4038 vermem.
2449 3955 2588 4030 Pa-
