2917 4959
561 448 706 521 250
909 474 918 487 ¹
1172 442 1939 515 ARISTOTELTS

465 651 508 695 2
563 626 1104 703 foecunditatem
1155 606 1362 701 breui
1397 626 1830 729 interierunt.
1932 628 2253 705 Gallinae
2300 634 2538 733 igiturg

558 786 635 839 vt
651 746 662 757 ⁰
678 763 948 843 dictum
979 784 1113 854 est,
1180 759 1611 835 continenter
1644 762 1963 859 pariunt„
2050 764 2367 843 Turi-ilia
2400 797 2536 844 au·—

561 920 705 973 tem
733 898 1034 995 (pelias)
1061 916 1130 967 et
1171 897 1533 993 palumbes
1566 899 1597 988 (
1614 894 1893 993 phatta)
1926 917 1993 969 et
2021 919 2255 975 turtur
2306 925 2375 979 et
2410 934 2540 977 ru·-

561 1032 736 1132 pilia
774 1034 1070 1129 (oenas)
1102 1029 1210 1105 bis
1241 1050 1513 1103 tautum
1546 1030 1825 1130 pariunt
1840 1085 1861 1123 ‚
1916 1033 2279 1109 columbae
2306 1054 2537 1109 autem

569 1166 812 1241 decies,
915 1163 1270 1239 Plurimae
1306 1188 1470 1237 aues
1506 1167 1789 1251 (semel
1828 1168 1949 1253 et)
1980 1192 2195 1240 verno
2224 1188 2538 1267 tempore

568 1301 886 1400 pariunt3
932 1298 1054 1372 sed
1097 1326 1340 1373 earum
1383 1296 1731 1396 quaedam
1770 1299 2201 1399 multiparae.
2304 1301 2543 1400 Atque

567 1430 710 1507 hoc
755 1429 1042 1531 quidem
1067 1430 1336 1531 duplici
1369 1432 1669 1506 ratione:
1722 1462 1886 1505 uam
1930 1454 2051 1506 aut
2086 1401 2427 1529 multum,
2474 1456 2549 1511 vt

567 1569 963 1658 columbae,
1009 1588 1128 1640 aut
1157 1568 1416 1659 multa,
1470 1554 1553 1642 vt·
1572 1568 1883 1664 gallinae.
1975 1567 2255 1655 Quibus
2286 1595 2547 1667 vngues

567 1702 729 1777 vnci
761 1722 958 1793 suut,
1023 1726 1284 1799 paucos
1309 1700 1592 1799 pariunt
1618 1728 1893 1795 omnes,
1948 1724 2216 1801 praeter
2244 1702 2545 1775 tinnun-

567 1834 850 1907 culum:
893 1831 1460 1924 (cenchridemz)
1508 1805 1591 1909 in¹
1612 1862 1698 1910 eo
1728 1812 1921 1911 enim
1950 1862 2197 1935 genere
2232 1835 2545 1934 plurima

569 1968 772 2069 parit.
849 1969 1000 2041 Iam
1033 1991 1101 2043 et
1127 1990 1431 2069 quatuor
1464 1968 1609 2043 visa
1636 1991 1798 2043 sunt
1829 1940 2003 2065 oua3
2052 1995 2298 2043 verum
2337 1971 2547 2042 etiam

567 2105 776 2205 plura
803 2106 1003 2201 parit.
1107 2104 1387 2176 Ceterae
1413 2103 1487 2175 in
1522 2102 1703 2177 nidis
1730 2104 2045 2202 pariunt3
2089 2124 2160 2174 at
2184 2130 2364 2201 quae
2396 2103 2545 2175 mi·-

488 2234 496 2240 ’
570 2266 706 2313 nus
753 2221 1022 2316 volacia
1069 2260 1261 2333 sunt,
1314 2265 1458 2315 non
1478 2292 1501 2330 ‚
1550 2259 1623 2311 vt
1664 2237 1977 2337 perdices
2026 2258 2093 2311 et
2128 2238 2544 2331 coturnices,

569 2369 690 2463 §ed
717 2371 793 2443 iu
817 2392 998 2443 terra
1029 2372 1392 2446 adstructis
1421 2372 1779 2445 festuculis
1802 2372 2316 2447 abscondentes·
2427 2371 2553 2446 Sic

579 2528 647 2579 et
683 2502 933 2577 alauda
971 2527 1038 2579 et
1067 2507 1291 2579 tetrix.
1397 2507 1552 2581 Hae
1582 2504 1794 2603 igitur
1824 2534 2063 2581 omnes
2094 2528 2305 2584 vento
2338 2532 2549 2579 auer-

569 2666 682 2715 sos
713 2637 916 2743 nidos
946 2663 1376 2717 construunt.
1484 2642 1715 2727 Quem
1752 2642 2024 2716 Boeotii
2058 2666 2381 2739 aen-opem
2411 2668 2549 2715 vo-

568 2796 762 2875 cant,
828 2804 1008 2849 vnus
1055 2776 1378 2851 omnium
1413 2794 1635 2885 terrae
1684 2804 2012 2849 cauernas
2062 2777 2271 2877 subit,
2296 2773 2545 2849 nidifi-

565 2910 774 2985 candi
825 2912 1060 3009 gratia.
1131 2909 1364 2985 Turdi
1413 2910 1491 2983 in
1536 2910 1818 2985 excelsis
1866 2912 2237 2985 arboribus
2284 2938 2323 2983 e
2370 2909 2547 3004 luto,

570 3046 748 3117 sicut
779 3044 1228 3139 hirundineS‚
1261 3043 1468 3119 nidos
1504 3046 1803 3137 faciunt,
1834 3043 2013 3117 serie
2044 3043 2354 3143 quadam
2372 3046 2554 3119 inter

569 3206 642 3255 se
671 3180 1150 3275 cohaerenteS‚
1175 3180 1298 3261 ,ita
1329 3201 1403 3255 vt
1433 3178 1597 3253 serti
1629 3178 1931 3276 speciem
1969 3182 2363 3278 praebcant.
2467 3180 2555 3253 In
2596 3228 2609 3241 ·

568 3340 654 3389 eo
683 3342 930 3412 genere
955 3317 1199 3405 auium
1215 3369 1236 3409 ‚
1265 3339 1445 3413 quae
1480 3340 1605 3411 per
1632 3339 1704 3386 se
1732 3316 1923 3387 solae
1956 3313 2358 3405 nidificant,
2404 3314 2550 3385 sole

568 3473 807 3548 vpupa
847 3450 1130 3522 nullum
1175 3449 1310 3525 sibi
1341 3447 1690 3540 aedificat,
1740 3448 1916 3523 sed
1894 3471 2195 3546 ingressa
2222 3446 2299 3519 in
2330 3446 2549 3519 arbo-

563 3586 728 3659 ru'm
773 3585 1042 3683 stipites
1090 3612 1333 3679 eauoe,
1389 3585 1490 3659 ibi
1532 3582 1753 3685 parit,
1803 3582 1987 3657 nihil
2016 3609 2099 3658 eo
2144 3606 2545 3678 congerens.

567 3718 886 3798 Cuculus
917 3717 1476 3813 autem(Ver.9io
1510 3720 1835 3812 antiqua
1868 3716 2256 3811 habetpro
2275 3717 2551 3789 vitioso

555 3855 869 3947 ‘nomine
893 3851 1186 3951 kirhus)
1218 3854 1295 3930 in
1327 3852 1707 3927 domiciliis
1739 3854 1851 3928 vel
1878 3853 1957 3925 in
1984 3853 2185 3927 saxis·
2300 3850 2551 3927 Tetrix

567 3983 700 4057 illa
718 4038 738 4078 ,
789 4016 1005 4087 quam
1035 3986 1495 4065 Athenienses
1538 4014 1821 4086 vragem
1866 4010 2152 4082 vocant,
2204 3988 2431 4086 neque
2478 3986 2553 4059 in
