2917 4959
619 497 763 564 DE
813 489 1622 563 ANIMAL.H18T.
1675 495 1858 568 v111.
1931 519 2041 590 19.
2199 489 2338 570 555

344 679 549 754 Latet
592 677 806 752 etiam
851 677 983 775 glis
1033 673 1259 772 (elios)
1302 677 1377 750 in
1422 675 1593 774 ipsis
1639 677 2042 751 arboribus:
2127 703 2335 782 atque
2392 706 2429 748 2

345 839 477 912 per
495 811 571 887 id
602 810 933 910 temporis
958 808 1191 883 euadit
1216 810 1736 908 pinguissimus.
1835 813 1927 886 Et
1957 841 2114 887 mus
2135 817 2345 890 Pon-

347 947 523 1022 ticus
570 945 925 1022 candidus.
996 945 1196 1044 (Cap.
1234 944 1516 1018 XXIII.
1585 946 1992 1046 scaligero.)
2073 945 2334 1045 [Quae

342 1085 593 1152 latent
606 1133 633 1169 ,
687 1082 1059 1152 nonnulla
1090 1091 1371 1146 exuunt
1416 1081 1521 1171 id,
1555 1084 1760 1172 quod
1783 1088 2182 1174 appellant
2217 1111 2332 1156 ee..

338 1229 661 1286 nectam.
764 1214 1139 1304 Suprema
1174 1209 1367 1280 haec
1394 1215 1589 1281 cutis
1621 1227 1734 1282 est
1749 1265 1772 1298 ,
1828 1225 1902 1283 et
1918 1219 2326 1303 folliculus

340 1363 677 1442 tempore
700 1345 1285 1443 generationi-2]
1396 1344 1621 1443 Igitur
1663 1347 1740 1420 in
1781 1346 2324 1450 quadrupedum

340 1507 591 1581 genere
636 1479 833 1583 quod
878 1480 1139 1554 animal
1182 1479 1401 1578 parit,
1462 1477 1552 1551 de
1605 1507 1802 1573 vrso,
1845 1509 2066 1582 quare
2099 1485 2321 1575 lateat,

341 1614 724 1708 dubitatur,
778 1613 1369 1714 quemadmodum
1396 1613 1664 1688 dictum
1689 1637 1809 1688 est.
1917 1619 2116 1705 Quae
2153 1645 2320 1693 vero

339 1773 495 1824 cute
509 1747 825 1848 squalida
840 1746 1150 1846 praedita
1164 1771 1345 1842 sunt,
1396 1775 1646 1822 eorum
1671 1778 1832 1847 pars
1845 1778 2064 1848 paene
2088 1753 2320 1826 maxi—

338 1913 455 1958 ma
478 1887 662 1958 latet.
740 1881 1049 1958 Exuunt
1086 1903 1319 1957 autem
1364 1903 1784 1956 senectutem
1825 1911 1902 1955 ea
1921 1938 1942 1975 ‚
2009 1912 2322 1984 quorum

336 2021 515 2094 cutis
552 2017 789 2092 mollis
804 2073 825 2112 ‚
876 2045 1021 2092 non
1064 2039 1353 2094 testacea
1367 2069 1391 2104 ‚
1464 2017 1694 2116 qualis
1739 2017 2108 2111 testudini,
2189 2022 2319 2116 (est

336 2157 525 2230 enim
550 2176 707 2227 tum
730 2151 1005 2226 testudo
1038 2175 1193 2224 tum
1218 2152 1470 2224 lutaria
1501 2153 1758 2252 (emys)
1777 2181 1814 2225 e
1835 2177 2082 2249 genere
2109 2178 2320 2249 squa‹

334 2287 651 2362 lidorum
666 2286 715 2376 ε)
765 2284 887 2358 sed
928 2283 1157 2382 qualis
1195 2286 1502 2370 stellioni
1529 2307 1596 2358 et
1637 2286 1892 2358 lacerto
1935 2307 2004 2358 et
2029 2283 2320 2384 potissi-

336 2447 537 2496 mum
566 2419 886 2496 omnium
912 2421 1365 2517 serpentibus.
1412 2420 1696 2494 Exuunt
1713 2417 1906 2493 enim
1942 2441 2096 2492 tum
2129 2446 2311 2504 vere,
2375 2424 2414 2483 3

337 2583 502 2630 cum
536 2576 809 2649 exeunt,
862 2577 1015 2629 tum
1046 2575 1379 2628 autumno
1408 2553 1680 2626 iterum.
1787 2554 2092 2652 Viperae
2122 2583 2316 2652 quo-

335 2718 474 2791 que
500 2711 765 2769 exuunt
794 2711 1139 2764 senectam
1170 2709 1237 2761 et
1266 2714 1426 2762 vere
1450 2709 1520 2758 et
1556 2707 1913 2760 autumno.
2015 2693 2116 2757 At
2143 2713 2312 2778 non,

335 2847 408 2900 vt
439 2845 771 2924 putarunt
798 2824 1061 2922 aliqui,
1111 2847 1331 2895 vnum
1362 2845 1580 2917 genus
1609 2817 1750 2894 hoc
1793 2845 1834 2894 e
1875 2819 2310 2916 serpentibus

332 2985 481 3034 non
546 2983 809 3030 exuere.
918 2958 1121 3030 ‘Cum
1191 2953 1546 3054 incipiunt
1623 2981 1874 3030 exuere
1939 2975 2310 3052 semema,

335 3091 531 3163 aiunt
563 3093 650 3163 ab
676 3093 893 3164 oculis
925 3093 1239 3188 primum
1267 3087 1652 3182 abscedere,
1703 3091 1798 3188 ita
1826 3112 1898 3164 vt
1931 3089 2312 3162 affectionis

336 3225 487 3298 eius
528 3223 869 3322 imperitis
920 3225 1109 3298 coeci
1174 3224 1577 3300 videantur:
1675 3224 1930 3298 deinde
1977 3251 2018 3295 a
2065 3223 2306 3321 eapite,

335 3355 531 3457 quod
558 3379 709 3432 tum
738 3357 1067 3434 omnibus
1097 3359 1339 3431 album
1378 3357 1713 3433 videatur.
1813 3357 2003 3431 Intra
2031 3375 2327 3431 noctem·

339 3520 419 3566 ac
454 3491 641 3566 diem
670 3513 813 3566 tota
840 3512 1149 3566 senectus
1182 3518 1401 3592 paene
1434 3493 1714 3567 exuitur
1735 3547 1757 3587 ‚
1806 3493 2008 3566 initio
2049 3493 2231 3562 facto
2268 3517 2310 3560 a

334 3653 412 3698 ea
456 3627 601 3727 pite
642 3627 733 3700 ad
765 3628 1061 3703 caudam
1105 3655 1338 3728 Vsque.
1442 3628 1558 3701 Fit
1607 3649 1836 3705 autem
1887 3623 2084 3723 quod
2119 3627 2310 3696 intus

336 3781 481 3834 erat
512 3761 719 3834 for-iet
787 3763 1235 3861 egrediuntur
1283 3763 1476 3840 enim
1507 3759 1686 3838 aient
1723 3757 1954 3840 ,foetus
1994 3759 2084 3831 ab
2129 3759 2309 3832 vteri

336 3891 729 3969 inuoluoro.
860 3897 1129 3973 Eodem
1178 3901 1395 3977 modo
1454 3923 1539 3978 ex
1583 3899 2006 3971 insectorum
2061 3917 2308 3990 gwere
2365 3917 2402 3974 4

334 4051 601 4105 exuunt
626 4051 1053 4106 senectutem
1073 4063 1251 4135 quae
1281 4063 1530 4111 exuere
1569 4053 2016 4120 consumere,
2069 4049 2145 4102 vt
2167 4027 2306 4100 sil.-

1501 4169 1656 4240 22
