2917 4959
567 491 702 558 152
1165 435 1931 558 Anis'rornms

557 673 902 772 plectitur.
984 668 1147 743 Post
1177 666 1310 741 hos
1347 667 1741 741 fluuiatiles.
1828 665 1981 740 Alii
2014 669 2359 766 minore'sj
2410 701 2543 748 ne-

559 833 699 904 que
726 808 867 880 vllo
895 804 1180 876 nomine
1221 802 1538 900 insignes.
1607 799 1730 874 Ad
1758 800 2181 877 Phoenicem
2204 805 2543 882 littorales

561 961 722 1012 sunt
754 937 984 1009 cancri
1003 992 1024 1029 ,
1079 955 1265 1008 tanta
1289 933 1670 1028 celeritate,
1720 955 1797 1009 vt
1828 959 2025 1032 aegre
2060 963 2213 1031 eos,
2264 966 2430 1013 cum
2466 943 2544 1014 in

551 1098 766 1146 cursu
805 1090 1002 1162 sunt,
1053 1091 1436 1168 captatores
1466 1091 2003 1169 consequantur.
2106 1069 2381 1148 Idcirco
2408 1103 2546 1151 vo-

561 1227 718 1279 cant
750 1205 1034 1304 equites,
1073 1204 1252 1300 (alii
1271 1203 1499 1272 Codd.
1546 1203 1815 1303 equos)
1863 1205 2141 1278 Verum
2172 1209 2403 1304 aperti
2428 1237 2548 1282 re·-

560 1339 933 1437 periuntur
974 1339 1162 1410 intus
1195 1337 1435 1408 inanes
1468 1363 1630 1431 esse,
1668 1339 1927 1434 (intus
1956 1339 2160 1410 nihil
2188 1343 2550 1411 esculenti

564 1473 916 1570 habent,)
963 1472 1198 1570 inopia
1244 1468 1504 1568 pal-ali.
1608 1471 1809 1544 Sunt·
1840 1474 2046 1547 etiam
2094 1476 2219 1573 qui
2275 1477 2553 1574 magni-

565 1607 812 1680 tudine
842 1606 1108 1679 cancris
1141 1604 1460 1702 aequales
1486 1623 1685 1696 sunt,
1716 1605 1889 1678 facie
1922 1627 2149 1679 autem
2180 1611 2423 1682 astacis
2448 1610 2543 1682 si·

469 1746 513 1806 3
569 1743 787 1818 miles.
893 1738 1246 1813 Omnibus
1289 1735 1404 1808 his
1438 1721 1677 1835 igitur,
1732 1739 2325 1838 quemadmodum
2356 1743 2553 1815 dixi-

569 1903 730 1951 mus
747 1931 767 1968 ,
817 1875 1350 1972 pulpamentum
1399 1871 1689 1944 interius
1730 1874 1885 1946 vice
1914 1873 2092 1946 cutis
2119 1873 2553 1947 firmitudine

572 2030 860 2084 testacea
894 2008 1228 2079 munitur.
1331 2005 1430 2110 ᾼῑ
1461 2007 1749 2106 supinae
1792 2007 2291 2102 (inferiores)
2328 2029 2553 2104 partes

573 2141 874 2244 plagulis
921 2140 1425 2238 frequentiores
1474 2139 1734 2215 habent
1750 2197 1771 2233 ,
1826 2143 1897 2212 in
1926 2167 2096 2239 quas
2150 2139 2369 2212 edunt
2417 2170 2553 2215 oua

571 2276 892 2350 feminae.
997 2272 1214 2346 Pedes
1259 2275 1563 2347 locustae
1616 2276 1875 2373 quinos
1920 2275 2247 2373 vti-inque
2294 2275 2557 2350 habent

575 2411 840 2484 vltimis
869 2409 1382 2479 connumeratis
1397 2463 1420 2500 ,
1476 2408 1599 2506 qui
1635 2429 1799 2480 sunt
1824 2407 2165 2507 soreipati.
2268 2411 2556 2484 Cancris

575 2547 864 2640 quoque
907 2533 1152 2609 eodem
1185 2538 1398 2612 modo
1431 2539 1741 2612 vniuersi
1784 2563 1945 2616 sunt
1973 2541 2248 2637 decem,
2298 2546 2359 2616 si
2400 2546 2557 2619 for-

577 2676 768 2772 cipes
833 2692 1260 2743 annumeres.
1360 2671 1448 2744 In
1517 2699 1769 2770 genere
1829 2675 2243 2773 equium-um
2306 2679 2557 2773 gihbae

581 2807 910 2904 vti-inque
957 2803 1211 2901 quinos
1261 2803 1563 2902 habent3
1628 2809 1755 2908 qui
1820 2807 1911 2882 ad
1959 2833 2171 2908 caput
2217 2831 2511 2907 vergunt
2528 2865 2553 2904 ,

583 2963 858 3034 acut083
911 2957 979 3009 et
1017 2935 1107 3010 ad
1139 2961 1454 3016 ventrem
1488 2941 1819 3040 vti-inque
1844 2942 2135 3017 totidem
2150 2999 2172 3036 ‚
2224 2971 2557 3044 mucrone

583 3078 868 3152 latiore:
936 3071 1145 3146 dorso
1194 3075 1452 3149 similes
1500 3096 1665 3148 sunt
1712 3077 1996 3151 locustis
2009 3134 2030 3173 ‚
2102 3105 2343 3153 auersa
2388 3106 2559 3155 vero

487 3211 530 3272 4
583 3233 778 3314 parte
803 3210 1050 3283 subtus
1075 3207 1386 3305 plagulas
1414 3207 1642 3282 nullas
1668 3207 1949 3285 hahent.-
2051 3213 2155 3287 At
2182 3239 2561 3308 crangonep

555 3353 626 3422 'e
651 3340 1034 3435 contrari03
1071 3340 1414 3438 primores
1435 3342 1627 3416 enim
1652 3363 2027 3442 quaternos
2054 3346 2381 3444 vti-inque
2404 3343 2559 3441 [la-

583 3474 764 3574 'tos,]
781 3471 1036 3548 deinde
1055 3496 1547 3574 consequentes
1579 3475 1753 3550 alios
1772 3499 2003 3552 ternos
2026 3479 2349 3575 vti-inque
2376 3481 2554 3582 sul?—

588 3611 777 3684 tiles:
827 3627 1051 3683 cetero
1079 3611 1361 3707 corpori
1405 3605 1613 3709 pedes
1644 3612 1829 3685 nulli
1860 3613 2112 3684 insunt.
2218 3611 2559 3688 Flectun-

537 3761 554 3780 ·
592 3765 708 3818 tur
737 3741 1061 3816 omnium
1101 3741 1312 3844 pedes
1336 3746 1416 3818 in
1454 3746 1672 3839 lame,
1724 3742 2317 3843 quemadmodum
2346 3746 2557 3822 etiam

589 3875 1030 3952 insectorum.
1131 3878 1460 3976 Forcipes
1486 3903 1665 3976 quae
1704 3877 2002 3972 habent,
2056 3880 2557 3956 ea.introrsum

589 4011 890 4085 flectunt.
992 4011 1224 4088 Habet
1262 4013 1527 4086 locusta
1554 4009 1765 4086 etiam
1790 4011 2087 4116 caudam
2118 4035 2191 4090 et
2224 4015 2551 4116 pinnulas
