2917 4959
644 486 791 560 DE
852 488 1343 558 ANIMAL.
1408 488 1698 556 HIST.
1747 490 1872 557 VI.
1933 514 2040 561 10.
2196 497 2332 563 251

363 673 632 773 nuique
659 672 1067 747 membrana
1100 642 1425 744 adstricti.
1532 668 1842 744 Marium
1871 694 2136 746 meatus
2168 698 2244 750 vt
2273 702 2346 750 se

360 807 627 882 habent
640 862 661 901 ,
747 825 1053 904 spectare
1100 803 1361 903 poteris
1426 802 1504 878 in
1551 802 1840 903 picturis
1891 807 2348 883 dissectorum

361 940 795 1017 animalium.
898 938 1390 1038 Super-foetent
1454 938 1884 1037 cartilaginci
1933 945 2154 1041 pisces
2171 1000 2192 1039 ‚
2263 974 2346 1019 ac
2401 956 2443 1019 9

358 1099 669 1155 ventrem
712 1095 969 1174 gerunt
1010 1095 1277 1147 menses
1318 1100 1482 1145 cum
1529 1070 1914 1149 diutissime
1957 1100 2098 1151 sex.¹
2199 1080 2344 1167 Qui
2437 1106 2442 1117 ·

358 1210 623 1283 dicitur
654 1209 953 1283 stellaris
974 1208 1305 1306 (astet-ias)
1322 1234 1361 1283 e
1391 1234 1642 1306 genere
1675 1209 2160 1305 mustelorum‚
2188 1240 2382 1287 sae--

358 1344 651 1445 pissime
692 1341 913 1443 parit3
962 1341 1225 1441 quippe
1252 1342 1363 1414 his
1406 1344 1484 1415 in
1513 1370 1656 1416 vno
1701 1371 1969 1418 mense:
2013 1346 2200 1420 coire
2223 1348 2346 1420 in-
2456 1332 2458 1335 ’

362 1478 543 1578 cipit
606 1475 1185 1553 Maemacterione
1247 1506 1506 1553 mense.
1557 1478 2052 1577 (Septembri.)
2119 1482 2346 1555 Ceteri

358 1612 641 1687 musteli
692 1613 803 1686 his
859 1613 935 1685 in
980 1638 1166 1685 anno
1210 1614 1528 1711 pariunt,
1613 1632 1884 1711 praeter
1925 1613 2306 1689 caniculam
2323 1670 2346 1709 ,

354 1746 785 1850 (scylium‚)
838 1738 1016 1847 quae
1062 1747 1283 1822 semel
1332 1748 1409 1821 in
1460 1775 1643 1821 anno
1693 1768 1980 1822 tantum.
2083 1748 2350 1825 Partim

353 1910 521 1959 vere
566 1882 889 1982 pariunt3
952 1877 1274 1980 squatina
1318 1902 1554 1957 autem
1595 1912 1759 1956 cum
1801 1910 1964 1957 vere
2007 1884 2346 1980 primum,

356 2040 516 2093 tum
562 2021 770 2093 etiam
812 2038 1150 2091 aununno
1188 2016 1449 2091 iterum
1496 2016 1802 2091 brumali
1835 2044 2080 2091 occasu
2110 2020 2348 2117 vergi-

354 2156 659 2229 liamm:
696 2154 821 2253 qui
840 2152 1261 2252 posteriores
1285 2152 1514 2229 foetus
1540 2152 1902 2227 feliciores,
1923 2152 2100 2249 (alii
2117 2156 2344 2227 Codd.

296 2321 305 2329 ·
356 2287 835 2385 infeliciores.)
847 2286 999 2361 Tor
1001 2285 1185 2385 pedo
1213 2308 1447 2361 autem
1477 2289 1659 2361 circa
1689 2309 2106 2362 autumnum
2133 2290 2338 2387 parit.

358 2424 472 2499 Ex
516 2423 660 2497 alto
705 2409 785 2495 ac
814 2420 1173 2521 profimdo
1210 2444 1466 2498 terram
1511 2444 1866 2524 repetunt,
1918 2424 2039 2501 vbi
2068 2426 2344 2523 pariant

358 2555 790 2655 cardlaginei
798 2608 829 2648 ‚
895 2576 1049 2627 tum
1089 2578 1437 2655 captantes
1489 2582 1800 2657 teporem
1817 2616 1838 2655 ,
1901 2580 2056 2633 tum
2099 2560 2346 2633 catulis

356 2714 761 2769 metuentes·
843 2691 1179 2767 Aliorum
1207 2694 1510 2793 piscium
1541 2697 1778 2766 nullus
1803 2694 1995 2769 visus
2023 2716 2123 2767 est
2154 2716 2342 2768 extra
2365 2722 2442 2767 10

359 2856 577 2929 genus
617 2854 830 2901 suum
872 2828 1101 2901 coil-ez
1150 2829 1298 2901 sola
1323 2829 1640 2928 squatina
1679 2847 1750 2903 et
1776 2828 1922 2939 raie
1949 2829 2092 2903 hoc
2119 2808 2348 2905 facere

359 2963 656 3037 videtur.
757 2962 883 3037 Est
926 2963 1117 3036 enim
1159 2963 1369 3062 piscis
1386 3020 1409 3059 ‚
1459 2966 1587 3066 qui
1633 2966 2099 3064 squatinoraia
2147 2965 2342 3061 (rhi-

364 3098 709 3194 nobam)
751 3098 1154 3196 appellatur.
1224 3100 1454 3198 Caput
1488 3100 1548 3172 is
1573 3122 1938 3200 partesque
1969 3100 2340 3175 anteriores

362 3231 547 3305 raiae
586 3231 828 3326 hahet,
895 3214 1311 3333 posteriores
1356 3236 1712 3333 squatinae
1726 3291 1747 3329 ,
1799 3218 2000 3334 quasi
2045 3262 2342 3337 compo-

365 3368 539 3440 situs
581 3395 663 3443 ex
694 3390 1011 3468 Vtroque.
1113 3368 1339 3466 Igitur
1369 3371 1650 3467 musteli
1688 3392 1758 3447 et
1783 3372 2177 3447 mustelacei
2192 3427 2214 3466 ‚
2264 3394 2342 3447 vt

363 3502 735 3602 vulpecula
782 3524 852 3579 et
894 3504 1119 3598 canis,
1172 3504 1479 3609 (cyon‚)
1511 3508 1679 3581 item
1715 3506 2031 3602 latiores5
2083 3529 2159 3583 vt
2185 3528 2341 3579 tor—-

363 3636 547 3733 pedo
564 3691 583 3729 ‚
636 3660 705 3711 et
746 3638 887 3711 raia
902 3694 921 3732 ‚
966 3662 1035 3713 et
1076 3638 1401 3713 laeuiraia
1417 3699 1438 3735 ‚
1489 3642 1874 3741 (leiobatus‚
1909 3643 2136 3733 vulgo
2167 3652 2340 3709 erat

264 3868 271 3875 ἢ
362 3766 846 3867 rhinohatuffi)
890 3794 957 3846 et
986 3774 1344 3873 pastinaca
1384 3804 1470 3854 eo
1497 3806 1641 3881 quo
1674 3778 1988 3854 diximus
2016 3772 2230 3850 modo
2257 3800 2344 3849 ex

366 3902 723 4001 conceptis
752 3906 907 3979 ouis
934 3910 1189 3987 animal
1214 3912 1447 3989 edunt.
