2917 4959
688 513 833 584 548
1296 503 2066 574 ARISTOTELIS

681 697 878 772 nides
906 717 969 770 et
996 688 1395 792 pelamydes
1446 709 1516 760 et
1542 687 1766 761 amiae
1801 689 1880 760 in
1919 687 2228 762 Pontum
2276 694 2657 767 traiieiunt

662 857 833 906 ‘vere
848 885 869 922 ‚
916 849 1124 924 atque
1150 823 1254 896 ibi
1284 840 1604 896 aestatem
1647 819 1947 914 habent,
1993 850 2094 896 ·ae
2139 825 2287 900 fere
2329 830 2660 902 maxima

672 991 827 1062 pars
846 959 1293 1035 fusaneo'rut'u
1314 952 1724 1055 (rhyedum)
1752 975 1816 1028 et
1829 960 2290 1056 gregatilium.
2393 963 2664 1038 Maxi-

564 1097 613 1157 *3
670 1125 785 1170 ma
812 1118 1045 1172 autem
1074 1097 1235 1193 pars
1264 1067 1566 1190 <piscium
1605 1109 1706 1160 est
1747 1090 2110 1188 gregatilis.
2144 1070 2153 1081 ’
2227 1095 2508 1172 Habent
2555 1102 2654 1169 hi

668 1230 959 1324 ducem3
980 1272 989 1286 ·
1012 1252 1397 1326 omnesque
1419 1223 1728 1297 Pontum
1767 1226 2104 1320 subeunt5
2123 1267 2134 1284 ·
2153 1249 2308 1302 tum
2347 1255 2659 1333 propter

668 1366 1051 1465 pabulum,
1100 1359 1299 1460 quod
1318 1382 1387 1434 et
1424 1359 1704 1458 largius.
1722 1382 1794 1433 et
1833 1363 2294 1458 praestantius
2333 1393 2416 1440 ex
2459 1396 2648 1472 aqua

674 1501 861 1573 dulei
897 1471 1017 1590 est,
1067 1519 1224 1569 tum
1247 1497 1341 1569 ob
1368 1495 1636 1568 belluas
1659 1492 2088 1592 grandiores,
2139 1525 2320 1597 quae
2345 1501 2446 1574 ibi
2477 1528 2646 1578 sunt

670 1633 1260 1733 infrequentiores
1336 1629 1552 1704 .Nam
1593 1649 1864 1728 praeter
1907 1631 2336 1731 phoeaenam
2367 1655 2438 1710 et
2477 1636 2648 1711 del-

666 1767 973 1866 phinum
1006 1767 1205 1844 nulla
1232 1763 1313 1838 in
1343 1765 1572 1840 Ponto
1619 1786 1752 1840 est:
1831 1787 1900 1840 et
1942 1767 2094 1866 ipse
2129 1795 2294 1843 sane
2335 1769 2644 1868 delphin

664 1901 964 2000 pusillus
992 1924 1094 1977 est
1107 1901 1211 1976 ibi
1232 1930 1249 1974 ε
1302 1901 1583 1976 exeunti
1609 1923 1842 1976 autem
1867 1901 2064 1978 illico
2085 1903 2383 2003 grandis.
2483 1902 2642 2002 Igi-

624 2055 781 2110 ··tur
810 2059 879 2111 et
904 2035 1153 2138 pabuli
1184 2036 1397 2136 gratie
1437 2056 1507 2108 et
1538 2034 1862 2135 pariendi
1891 2065 2128 2113 caussa
2155 2067 2238 2114 eo
2279 2041 2632 2114 adnatant.

664 2171 859 2248 Sunt
878 2172 1068 2250 enim
1102 2171 1259 2249 loca
1288 2169 1379 2246 ad
1410 2168 1828 2270 pariendum
1853 2173 2301 2268 accommode
2320 2228 2342 2266 ,
2392 2193 2461 2246 et
2488 2199 2632 2270 po-

634 2308 895 2378 -tabilis
924 2335 1111 2406 aqua.
1131 2326 1199 2382 e't
1225 2306 1504 2383 dulcior
1531 2308 1798 2380 catulos
1825 2306 2088 2382 educat.
2151 2309 2300 2383 Vbi
2329 2335 2630 2408 pepere—

660 2443 834 2535 rint,
890 2461 960 2514 et
992 2443 1215 2516 foetus
1246 2441 1433 2513 aucti
1460 2437 1761 2535 fixerint,
1827 2442 2158 2516 reoedunt
2199 2443 2432 2516 statim
2473 2468 2633 2542 post

660 2577 1025 2676 Vergilias,
1081 2573 1415 2648 Austrlna
1429 2572 1660 2647 hieme
1675 2577 1896 2648 serius
1911 2575 2364 2674 egrediuntur
2380 2604 2398 2649 z
2433 2579 2628 2679 aqui-

632 2713 855 2787 ·lonia
913 2707 1327 2811 temperius3
1395 2731 1604 2784 vento
1653 2710 1846 2783 enim
1901 2711 2212 2788 secundo
2271 2713 2621 2788 iuuantur.

633 2847 928 2919 -Eorum
956 2845 1190 2944 itaque
1216 2845 1451 2944 proles
1479 2867 1631 2918 tum
1659 2871 1876 2944 parua
1907 2846 2178 2944 eapimr
2219 2847 2314 2921 ad
2339 2849 2627 2948 Byzan-

656 2980 837 3052 tium
854 3032 875 3073 ‚
928 2967 1295 3079 Iit-opterea
1328 2979 1528 3080 quod
1551 3005 1698 3055 non
1727 2978 1854 3052 diu
1901 2983 2231 3056 manserit
2273 2983 2346 3056 in
2377 2983 2618 3060 Ponto.

550 3109 601 3183 24
654 3114 807 3187 Alii
832 3107 977 3190 tam
1008 3113 1345 3190 adeuntes
1358 3113 1574 3212 quam
1601 3115 1934 3187 abeuntes
1947 3115 2298 3192 videntur.
2335 3119 2466 3194 ..At
2489 3121 2623 3193 tri·-

655 3240 851 3321 ‘chiae
876 3251 1017 3324 soli
1040 3277 1077 3322 e
1095 3249 1413 3350 piscibus
1439 3275 1606 3321 cum
1625 3249 1905 3344 abeunt,
1939 3255 2343 3351 capiuntur:
2373 3255 2626 3328 reuerti

628 3381 837 3456 'nulli
860 3375 1207 3470 videntur.
1308 3382 1459 3458 Sed·
1480 3381 1574 3456 ad
1609 3383 2030 3484 Byzantium
2071 3389 2131 3459 si
2173 3388 2336 3486 quis
2379 3389 2623 3485 capia-

652 3539 771 3590 tur
788 3573 809 3611 ,
830 3510 840 3520 ’
859 3509 1231 3615 piscatores
1264 3521 1439 3594 retia
1467 3521 1764 3592 lustrant
1777 3573 1800 3614 ,
1865 3542 2226 3619 propterea
2263 3518 2461 3620 quod
2505 3546 2624 3594 re—

652 3645 837 3727 verti
864 3645 1566 3729 non-consueuerint·
1655 3655 1742 3727 In
1785 3679 2020 3729 caussa
2067 3676 2204 3748 est,
2283 3653 2622 3755 quoniam

650 3786 726 3856 hi
760 3785 892 3860 soli
938 3786 1013 3858 in
1054 3787 1315 3859 Istrum
1362 3791 1655 3883 abeunt3
1724 3815 1928 3888 atque
1978 3789 2101 3866 vbi
2143 3789 2474 3883 finditur,
2549 3789 2620 3862 in

646 3916 1089 3996 Adriaticum
1126 3919 1572 3997 descendunt.
1705 3925 1924 3997 Cuius
1969 3926 2073 4000 rei
2135 3945 2615 4024 argumentum

653 4053 771 4148 est,'
823 4056 1021 4156 quod
1051 4058 1125 4137 in
1146 4055 1588 4135 Adriaticum
1619 4058 2080 4159 ingredientes
2114 4061 2299 4137 nulli
2325 4061 2610 4159 capiun-
