2917 4959
603 479 696 544 50
1217 464 1976 533 ARISTOTELIS

544 673 555 686 ·
604 645 777 728 mun*
828 655 903 725 in
968 671 1213 746 genere
1250 641 1550 747 viroque
1602 646 2122 741 recenseantur‚'
2157 645 2318 724 ideo
2363 651 2590 724 talum

514 816 591 858 ιο
611 788 899 864 medum
962 779 1241 853 habent.
1362 782 1466 854 Aa
1529 761 1974 857 hisuloomm'
2033 785 2254 858 mlum
2328 781 2597 857 habent

612 923 870 998 multa:
923 912 1443 990 multifidorum
1475 918 1790 1010 nullum,
1843 916 2046 989 sicuti
2085 945 2314 1018 neque
2343 917 2588 993 homo·

611 1057 923 1131 Tantum
972 1051 1142 1152 lynx
1186 1048 1502 1124 semitalo
1559 1052 1787 1124 simile
1829 1049 2206 1152 quiddam:
2285 1075 2440 1126 tum
2479 1049 2594 1127 leo

612 1191 1132 1264 anfractuosum
1148 1241 1169 1280 ,
1273 1185 1693 1287 labyrinthi,
1793 1207 1870 1262 vt
1945 1189 2256 1285 fingunt,
2355 1184 2594 1262 modo,

619 1324 903 1451 Quibus
936 1323 1119 1394 talus
1148 1339 1279 1412 est,
1333 1345 1496 1394 eum
1528 1321 1764 1395 omnia
1787 1319 2292 1420 posterioribus
2322 1321 2399 1395 in
2425 1347 2598 1394 eru-

542 1470 547 1475 “
621 1457 817 1532 ribus
846 1454 1143 1548 habent3
1190 1478 1492 1552 eumque
1521 1470 1787 1527 rectum
1819 1455 1894 1526 in
1928 1456 2306 1551 susti-agino
2339 1453 2436 1530 ita
2451 1511 2472 1550 ‚
2517 1478 2606 1534 Vt

562 1594 571 1602 ’
622 1591 925 1666 anterior
956 1611 1114 1686 pars
1140 1607 1562 1678 extrorsum,
1597 1588 1944 1688 posterior
1961 1611 2194 1664 autem
2215 1590 2601 1674 introrsum

624 1743 910 1825 spectet:
976 1741 1046 1795 et
1092 1745 1274 1818 quae
1318 1747 1443 1794 coa
1481 1718 1847 1816 dicuntur,
1915 1724 2106 1796 intus
2147 1723 2330 1797 inter
2351 1750 2424 1796 se
2459 1723 2604 1797 ob-

626 1885 850 1935 versa:
898 1881 1077 1954 quae
1096 1854 1542 1953 appellantur
1561 1856 1720 1928 chia
1740 1911 1760 1950 ,
1809 1853 2014 1930 foris:
2055 1885 2238 1957 quae
2265 1879 2612 1931 antennae

626 1993 1117 2083 nominantur,
1167 2013 1484 2086 superne.
1587 1989 1734 2076 Qui
1763 1992 1936 2063 situs
1967 1989 2054 2064 ad
2082 1989 2278 2066 hune
2308 1990 2610 2066 modum

630 2123 960 2200 omnibus
992 2107 1127 2196 est(
1216 2122 1417 2210 Quae
1445 2149 1613 2198 vero
1641 2121 1910 2199 bisulca
1938 2127 2076 2198 sint
2111 2147 2179 2199 et
2208 2123 2451 2198 iubam
2476 2153 2604 2222 ge-

634 2279 820 2351 rant,
871 2279 1025 2332 tum
1067 2254 1233 2330 hina
1273 2255 1584 2331 habeant·
1605 2284 1870 2336 cornua
1905 2261 1982 2332 in
2017 2287 2089 2333 se
2127 2261 2378 2334 inflexa
2397 2315 2418 2352 ‚
2469 2260 2609 2332 ali-

634 2419 774 2489 qua
800 2363 985 2462 ⁸sunt
1030 2391 1393 2464 animalia:
1495 2395 1723 2490 qualis
1768 2389 2139 2487 bonassus,
2239 2394 2365 2494 qui
2415 2393 2608 2494 apud

540 2548 613 2596 ιι
638 2523 945 2596 Paeonas
996 2541 1207 2619 atque
1261 2520 1338 2591 in
1385 2543 1566 2596 terra
1617 2523 1938 2598 Maedica
1993 2526 2322 2623 gignitur.
2425 2525 2608 2602 Sane

636 2673 877 2732 omnes
940 2649 1323 2729 animantes
1388 2657 1788 2756 cornigerae
1851 2657 2344 2757 quadrupedes
2409 2684 2605 2754 sunt,

632 2791 775 2864 nisi
814 2790 875 2862 si
904 2789 1081 2889 quid
1122 2817 1251 2889 per
1282 2789 1804 2867 translationem
1837 2817 1918 2864 ac
1957 2791 2153 2867 verbi
2187 2791 2404 2892 gratia
2435 2821 2608 2868 cor-

638 2915 892 2997 nutum
934 2923 1246 3020 dicatur3
1298 2903 1898 3023 quemadmodum
1929 2923 2288 3000 Thebanis
2313 2955 2608 3028 ser-pen·-

638 3059 827 3132 tibus
854 3057 1187 3161 Aegyptii
1229 3059 1430 3132 aiunt
1456 3082 1686 3135 extare
1717 3089 1758 3133 a
1785 3059 2008 3160 capite
2035 3061 2376 3160 quiddam
2405 3065 2610 3164 quasi

562 3211 569 3220 ·
640 3193 791 3266 vice
817 3185 1183 3268 eor-nuum.
1274 3193 1562 3268 Cornua
1590 3194 1712 3270 vni
1738 3219 1950 3271 cerno
1979 3217 2122 3273 tota
2151 3197 2605 3275 solida-sunt:

642 3327 796 3400 aliis
818 3328 1081 3403 maiore
1096 3349 1293 3428 parte
1314 3325 1495 3400 ’caua
1509 3383 1530 3420 ,
1565 3327 1656 3401 ad
1679 3351 2072 3407 extremum
2093 3332 2342 3408 solida.
2413 3335 2607 3407 Caua

644 3462 855 3560 igitur
886 3489 1048 3560 pars
1078 3487 1116 3534 e
1146 3463 1351 3538 corio
1369 3467 1534 3535 nata
1548 3485 1660 3536 est
1679 3489 1699 3535 ε·
1737 3492 1950 3565 quam
1975 3470 2162 3560 subit
2189 3493 2350 3565 pars
2380 3465 2606 3541 solida

644 3607 727 3669 ex
764 3620 917 3669 osse
956 3615 1189 3668 enata:
1243 3596 1480 3695 qualia
1505 3597 1776 3673 bubula
1815 3623 1996 3675 sunt.
2099 3601 2310 3676 Solus
2353 3627 2605 3676 ceruus

642 3743 681 3801 a
708 3729 989 3805 bimatu·
1008 3721 1383 3828 quotannis
1411 3731 1668 3805 amittit
1697 3760 1997 3826 cornua3
2034 3755 2188 3806 tum
2223 3759 2608 3812 renascun-

640 3873 777 3936 tur.
862 3862 1065 3938 Aliae
1116 3863 1498 3939 animantes
1545 3866 1684 3939 nisi
1725 3867 1798 3942 vi
1851 3866 2306 3966 mutilentur,
2367 3867 2608 3948 nullae

642 3997 979 4072 amittunt.
