2917 4959
621 458 714 527 64
1221 448 2019 519 ARISTOTELIS·

615 635 988 739 palpebris
1088 631 1489 707 Conniuent
1567 632 1899 707 inferiore
1960 638 2164 732 gena‘
2194 636 2587 733 grauiores:

562 822 572 831 -
616 772 882 847 nictant
925 768 1014 840 ab
1062 767 1318 865 angulo
1365 765 1815 864 (lacrimali)
1850 788 2143 844 coeunte
2182 770 2590 845 membrana

617 930 888 982 omnes:
915 899 1334 975 noctuinum
1365 926 1583 999 genus
1610 901 1819 975 etiam
1844 902 2225 1001 superiore.
2278 902 2367 977 ld
2392 902 2591 1003 quod
2664 878 2673 891 ⁹

613 1038 854 1113 lacerti
896 1046 1186 1137 quoque
1241 1035 1515 1109 faciunt
1568 1036 1886 1135 aliaeque
1939 1035 2286 1112 eiusmodi
2331 1040 2590 1137 speeies

613 1192 984 1273 squarrosa
1011 1192 1364 1247 contectae
1389 1192 1569 1245 cute.
1639 1162 2042 1247 Conniuen't
2072 1171 2261 1247 enim
2290 1172 2590 1247 inferio-¹

489 1310 496 1337 '
615 1336 692 1383 re
719 1334 996 1383 omnes:
1045 1324 1192 1381 'non
1221 1332 1465 1381 omnes
1496 1316 1726 1383 'tamen
1758 1334 1878 1400 e0‚
1929 1334 2076 1406 quo
2102 1304 2433 1401 diximus»,
2466 1308 2593 1381 ni·-

612 1464 806 1519 etant
851 1440 1084 1515 modo.
1190 1440 1545 1515 Praeterea
1587 1466 1819 1539 neque
1862 1468 2311 1541 squarrosam
2356 1464 2587 1517 cutem

621 1598 852 1676 neque
893 1574 1079 1674 pilos
1119 1573 1411 1667 hahent,
1478 1572 1601 1647 sed
1646 1568 1928 1672 pennas.
2030 1575 2311 1651 Pennae
2352 1598 2587 1651 autem

609 1736 850 1788 omnes
912 1707 1121 1784 etiam
1161 1707 1432 1781 caulem
1480 1707 1758 1785 habent.
1860 1709 2001 1782 Pro
2060 1708 2281 1783 cauda
2324 1710 2589 1783 habent

607 1844 804 1947 quod
847 1844 1101 1917 Graeci
1143 1842 1567 1943 vropygium
1612 1843 2005 1944 appellant3
2056 1870 2136 1915 ae
2166 1846 2384 1919 breue
2410 1845 2584 1943 qui-
2640 1928 2645 1931 ,

609 1981 773 2055 dem
807 2004 924 2055 eae
939 2032 962 2072 ‚
995 1978 1254 2075 quibus
1281 1998 1402 2049 aut
1425 2006 1635 2051 crura
1662 1978 1876 2075 longa
1896 1999 2024 2053 aut
2052 1977 2263 2077 pedes
2292 1980 2587 2078 palmati

607 2137 791 2191 sunt.
891 2111 996 2187 At
1022 2113 1280 2213 quibus
1327 2114 1683 2209 contrario
1728 2111 1943 2187 modo
1984 2140 2105 2189 eae
2124 2140 2279 2187 sese
2320 2112 2587 2187 hahent

606 2272 836 2351 partes
853 2304 874 2340 ‚
925 2250 1238 2347 longum.
1305 2246 1547 2349 Atque
1574 2246 1713 2323 hae
1740 2246 1833 2321 ad
1859 2269 2171 2325 ventrem
2196 2268 2585 2323 contractos
2662 2274 2675 2285 “

605 2385 684 2457 in
731 2382 974 2458 volatu
1021 2382 1230 2479 pedes
1263 2382 1559 2457 habent:
1610 2404 1853 2456 contra
1886 2410 2067 2482 quae
2090 2382 2383 2481 longum
2412 2409 2583 2457 vro-

602 2516 904 2619 pygium
934 2514 1196 2589 habent
1213 2568 1234 2607 ,
1287 2535 1668 2614 porrectos,
1732 2513 2085 2613 Linguam
2115 2518 2285 2589 item
2316 2544 2580 2610 omnes,

604 2649 728 2727 sed
754 2649 1135 2724 diuersam:
1165 2646 1346 2723 aliae
1372 2649 1653 2747 longam
1673 2703 1694 2742 ,
1728 2650 1904 2726 aliae
1932 2654 2243 2725 breuem.
2307 2649 2581 2723 Auium

605 2781 949 2885 quaedam
981 2803 1254 2884 praeter
1281 2806 1509 2860 cetera
1538 2784 1899 2879 animalia,
1948 2781 2239 2858 homine
2270 2804 2577 2889 excepto,

601 2918 868 2991 litteras
921 2945 1096 2993 sono
1143 2947 1227 2993 ex
1229 2918 1607 3018 primunt3'
1662 2917 1901 3018 quales
1959 2916 2404 3019 potissimum
2460 2945 2579 2993 eae

603 3075 798 3148 sunt,
834 3080 1015 3154 quae
1045 3053 1258 3127 latam
1284 3053 1601 3154 linguam
1628 3053 1905 3128 habent.
1986 3049 2355 3160 Ligulam‚
2390 3050 2533 3153 (epi
2547 3064 2581 3141 -ἒ

601 3188 885 3287 glottin)
927 3194 1110 3288 quae
1155 3188 1559 3289 gurgulioni
1602 3188 1927 3289 imposita
1954 3189 2077 3283 sit,
2130 3187 2327 3263 nulla
2364 3187 2579 3261 hahet

599 3322 1091 3421 ouipararum3
1141 3324 1262 3401 sed
1307 3324 1663 3425 apertione
1712 3343 1919 3422 atque
1960 3322 2431 3399 contractione
2476 3322 2572 3393 ita

599 3474 910 3530 meatum
951 3474 1369 3560 temperant,
1423 3480 1500 3535 vt
1548 3456 1999 3557 prohibeant,
2064 3485 2153 3531 ne
2195 3454 2371 3554 quid
2405 3466 2569 3553 gra'-
2604 3462 2607 3465 ’

601 3589 816 3668 vioris
844 3590 920 3665 iia
950 3596 1358 3691 pulmonem
1390 3591 1812 3669 demittatur.
1884 3588 2327 3679 Quibusdam
2362 3589 2571 3665 etiam

599 3726 892 3801 calcaria
919 3750 1100 3803 sunt.
1155 3730 1584 3828 Vncu'ngues
1600 3756 1767 3805 vero
1784 3724 1999 3825 simu1
2020 3743 2091 3798 et
2116 3724 2569 3821 calcarigerae

599 3864 857 3939 nullae.
960 3865 1143 3942 Sunt
1189 3877 1420 3939 autem
1469 3878 1871 3961 vacungues
1914 3860 2267 3935 volueres:
2336 3856 2567 3931 calca—-

601 3994 895 4095 riget-ae,
963 3998 1341 4074 ‘humilem’
1433 3998 1795 4075 Praeterea
1878 3994 2239 4096 quaedam·
2289 3994 2563 4069 cristam
