2917 4959
655 449 750 538 96
1255 443 1998 513 ARISTOTELIS

551 672 596 716 2
649 631 830 706 coris
855 627 1083 702 morbi
1117 625 1504 698 soluuntur.
1608 627 1727 700 Ab
1753 627 1948 703 laeua
1980 599 2126 704 eiua
2154 651 2349 727 parte
2376 633 2613 706 breuis
2709 681 2718 686 -

647 793 820 842 vena
851 760 974 835 sed
1003 785 1221 832 crassa
1251 758 1341 831 ad
1368 760 1627 832 lienem
1656 761 1916 858 pergit,
1970 791 2119 862 quo
2153 763 2227 836 in
2261 761 2421 838 1000
2456 765 2615 838 exi·-

643 925 816 998 guae
879 919 1092 972 venae
1107 949 1128 986 ,
1197 893 1274 964 in
1325 921 1496 992 quas
1546 893 1669 966 illa
1714 895 2081 994 spargitur,
2150 899 2617 972 occultantur.'

640 1031 882 1106 Altera
911 1055 1070 1128 pars
1115 1025 1365 1101 eodem
1408 1027 1623 1103 modo
1652 1028 1741 1103 de
1774 1032 1989 1104 latere
2012 1030 2295 1105 sinistro
2321 1057 2617 1130 magnae

639 1188 856 1238 venae
886 1163 1114 1237 exiens
1143 1161 1230 1236 ad
1257 1151 1619 1237 sinistrum
1645 1162 2003 1238 adscendit
2029 1164 2415 1238 brachium.
2466 1163 2615 1238 Sed

643 1269 767 1374 illa
813 1299 1054 1374 eadem
1099 1317 1231 1388 est,
1289 1325 1467 1395 quae
1502 1297 1592 1372 ad
1640 1300 1833 1374 iecur
1861 1297 2087 1390 vadit3
2136 1293 2311 1371 haec
2337 1295 2611 1373 diuersa
2650 1362 2663 1376 ,

645 1436 736 1508 ab
778 1462 854 1508 ea
871 1489 892 1528 ‚
977 1458 1154 1530 quae
1201 1431 1458 1503 lienem
1502 1433 1709 1505 subit.
1812 1433 1993 1506 Sunt
2030 1433 2205 1504 aliae
2247 1457 2531 1532 quoque
2571 1459 2613 1504 a

644 1595 818 1644 vena
867 1591 1112 1662 magna
1176 1561 1720 1662 proficiscentes:
1814 1565 2079 1663 quippe
2142 1561 2482 1663 quaedam
2530 1565 2609 1637 in

643 1721 1034 1792 omentum,
1087 1697 1430 1809 quaedam
1457 1699 1535 1772 in
1566 1698 1963 1792 membrum
1980 1753 2001 1790 ‚
2054 1696 2249 1796 quod
2277 1695 2611 1796 pancreas

644 1834 892 1908 Graeci
923 1835 1198 1909 vocantj
1291 1829 1485 1904 Tum
1514 1834 1601 1905 ab
1635 1828 1769 1903 hac
1800 1833 2057 1905 multae
2084 1859 2299 1907 venae
2324 1857 2456 1930 per
2486 1833 2611 1906 in·-

641 1968 954 2044 testinale
1035 1965 1617 2066 (mesenterium)
1692 1987 2131 2066 sparguntur.
2230 1966 2373 2042 Eae
2438 1995 2609 2047 vero

643 2129 882 2179 omnes
939 2101 1017 2174 in
1060 2127 1271 2176 vnam
1315 2125 1563 2176 venam
1620 2125 1940 2200 magnam
1985 2097 2309 2174 daeinunt
2322 2157 2344 2195 ,
2422 2131 2606 2203 quae

642 2237 835 2309 iuxta
877 2256 1104 2309 totum
1161 2234 1564 2308 intestinum
1611 2261 1691 2308 ac
1729 2238 2197 2312 ventriculum
2239 2234 2329 2308 ad
2366 2239 2603 2334 gulam

641 2395 859 2466 vsque
889 2367 1290 2464 porrigitur.
1389 2369 1629 2466 Atque
1656 2371 1839 2444 circa
1868 2373 2178 2446 membra
2204 2370 2376 2445 haec
2408 2375 2602 2446 mul-

538 2529 580 2590 3
641 2524 749 2576 tae
796 2500 1170 2574 mittuntur
1211 2503 1299 2572 ah
1329 2499 1442 2572 his
1471 2527 1706 2576 venae.
1814 2503 2129 2600 Vtraque
2159 2503 2374 2603 igitur
2404 2533 2596 2601 vena,

640 2659 780 2712 tam
827 2659 1076 2733 magna
1117 2659 1331 2732 quam
1366 2653 1593 2729 aorta,
1642 2633 1734 2706 ad
1774 2661 1968 2708 renes
2004 2663 2225 2735 Vsque
2255 2665 2597 2740 perpetuo

638 2793 874 2846 tenore
918 2765 1397 2874 progreditur:
1449 2767 1550 2842 ibi
1599 2794 1764 2844 vero
1796 2769 2037 2868 spinae
2078 2771 2295 2870 magis
2332 2773 2599 2850 adhae-

636 2921 915 3016 resuunt,
926 2956 948 2994 ,
999 2901 1506 3002 findunturque
1558 2903 1893 3003 bipartito
1943 2907 2134 2981 velut
2175 2904 2251 2978 in
2293 2905 2599 2984 litteram

633 3035 914 3111 lambda
943 3057 1063 3110 aut
1092 3036 1165 3112 V
1194 3038 1577 3132 inuersam3
1606 3037 1729 3113 sed
1758 3065 1933 3114 vena
1962 3041 2187 3116 maior
2212 3067 2401 3140 pone
2430 3069 2603 3124 aor-

636 3177 780 3244 tam‘
840 3173 1198 3272 aliquanto
1261 3199 1530 3246 recessu
1592 3169 1864 3246 redacta
1914 3195 2037 3248 est.
2138 3175 2601 3254 Adhaeresuit

634 3324 826 3380 aorta
864 3305 1153 3379 minutis
1197 3307 1467 3381 venulis
1506 3308 1819 3383 neruosis
1864 3309 2105 3409 spinae
2150 3312 2595 3408 potissimum

535 3455 584 3522 4
637 3440 820 3514 circa
845 3465 985 3513 cor.
1075 3439 1199 3513 Est
1227 3461 1450 3536 aorta,
1480 3441 1605 3518 vbi
1634 3439 1723 3516 de
1748 3440 1961 3516 eorde
1982 3440 2370 3534 deducitur,
2411 3445 2594 3521 hene

629 3573 830 3654 valde
849 3565 1106 3673 ἀφεῖς
1158 3597 1227 3650 at
1259 3575 1424 3651 inde
1451 3602 1811 3678 progressa
1844 3597 1997 3649 tum
2040 3574 2395 3672 angustior
2434 3599 2589 3656 mm

633 3709 1010 3786 neruosior.
1111 3709 1231 3784 Ab
1281 3735 1473 3787 aorta
1510 3738 1797 3813 quoque
1838 3698 2128 3785 veniunt
2170 3705 2261 3781 ad
2310 3711 2585 3789 intesti-

632 3847 792 3922 nale
837 3846 1412 3947 (mesemerium)
1454 3873 1670 3922 venae
1684 3900 1707 3940 ,
1772 3845 1953 3918 sicut
1994 3871 2036 3916 a
2076 3871 2253 3919 vena
2298 3845 2590 3941 maiore,'

635 4005 1038 4085 quanquam
1053 3984 1260 4084 longe
1282 3982 1623 4085 minoren
1648 3979 1915 4120 quippa
1943 4000 2357 4082 augustaea
2384 3981 2579 4057 fibri·
