<?xml version="1.0" encoding="UTF-8"?>
<!DOCTYPE html PUBLIC "-//W3C//DTD XHTML 1.0 Transitional//EN"
    "http://www.w3.org/TR/xhtml1/DTD/xhtml1-transitional.dtd">
<html xmlns="http://www.w3.org/1999/xhtml" xml:lang="en" lang="en">
 <head>
  <title>
</title>
<meta http-equiv="Content-Type" content="text/html;charset=utf-8" />
  <meta name='ocr-system' content='tesseract 3.04.00' />
  <meta name='ocr-capabilities' content='ocr_page ocr_carea ocr_par ocr_line ocrx_word'/>
</head>
<body>
  <div class='ocr_page' id='page_1' title='image "aristotelisdean02schngoog_0265.png"; bbox 0 0 2917 4959; ppageno 0'>
   <div class='ocr_carea' id='block_1_1' title="bbox 609 470 2416 557">
    <p class='ocr_par' dir='ltr' id='par_1_1' title="bbox 609 470 2416 557">
     <span class='ocr_line' id='line_1_1' title="bbox 609 470 2416 557; baseline 0.002 -12"><span class='ocrx_word' id='word_1_1' title='bbox 609 478 755 545; x_wconf 91' lang='lat' dir='ltr'><strong>DE</strong></span> <span class='ocrx_word' id='word_1_2' title='bbox 823 470 1310 544; x_wconf 90' lang='lat' dir='ltr'><strong>ANIMAL.</strong></span> <span class='ocrx_word' id='word_1_3' title='bbox 1364 470 1656 539; x_wconf 82' lang='lat' dir='ltr'><strong>HIST.</strong></span> <span class='ocrx_word' id='word_1_4' title='bbox 1707 474 1838 543; x_wconf 78' lang='lat' dir='ltr'><strong>VI.-</strong></span> <span class='ocrx_word' id='word_1_5' title='bbox 1887 489 2000 543; x_wconf 67' lang='lat'><strong>125</strong></span> <span class='ocrx_word' id='word_1_6' title='bbox 2167 478 2309 557; x_wconf 59' lang='lat'><strong>255,</strong></span> <span class='ocrx_word' id='word_1_7' title='bbox 2409 542 2416 549; x_wconf 93' lang='lat'><strong>.</strong></span> 
     </span>
    </p>
   </div>
   <div class='ocr_carea' id='block_1_2' title="bbox 262 654 2407 4127">
    <p class='ocr_par' dir='ltr' id='par_1_2' title="bbox 262 654 2407 4127">
     <span class='ocr_line' id='line_1_2' title="bbox 296 654 2312 764; baseline -0.002 -27"><span class='ocrx_word' id='word_1_8' title='bbox 296 662 621 764; x_wconf 82' lang='lat' dir='ltr'><strong>guttatim</strong></span> <span class='ocrx_word' id='word_1_9' title='bbox 654 658 984 731; x_wconf 79' lang='lat' dir='ltr'><strong>emittunt</strong></span> <span class='ocrx_word' id='word_1_10' title='bbox 998 709 1019 745; x_wconf 90' lang='lat'><strong>,</strong></span> <span class='ocrx_word' id='word_1_11' title='bbox 1066 676 1133 727; x_wconf 86' lang='lat' dir='ltr'><strong>et</strong></span> <span class='ocrx_word' id='word_1_12' title='bbox 1160 680 1385 728; x_wconf 80' lang='lat' dir='ltr'><strong>mares</strong></span> <span class='ocrx_word' id='word_1_13' title='bbox 1398 708 1419 745; x_wconf 87' lang='lat'>‚</span> <span class='ocrx_word' id='word_1_14' title='bbox 1467 654 2068 751; x_wconf 81' lang='lat' dir='ltr'><strong>quemadmodum</strong></span> <span class='ocrx_word' id='word_1_15' title='bbox 2093 661 2312 755; x_wconf 86' lang='lat' dir='ltr'><strong>aiunt,</strong></span> 
     </span>
     <span class='ocr_line' id='line_1_3' title="bbox 294 785 2314 897; baseline -0.003 -26"><span class='ocrx_word' id='word_1_16' title='bbox 294 822 621 897; x_wconf 86' lang='lat' dir='ltr'><strong>magnam</strong></span> <span class='ocrx_word' id='word_1_17' title='bbox 656 812 925 892; x_wconf 86' lang='lat' dir='ltr'><strong>partem</strong></span> <span class='ocrx_word' id='word_1_18' title='bbox 954 814 1259 864; x_wconf 74' lang='lat' dir='ltr'><strong>ouon-um</strong></span> <span class='ocrx_word' id='word_1_19' title='bbox 1286 785 1664 861; x_wconf 82' lang='lat' dir='ltr'><strong>deuorant:</strong></span> <span class='ocrx_word' id='word_1_20' title='bbox 1711 789 1852 861; x_wconf 81' lang='lat' dir='ltr'><strong>alia</strong></span> <span class='ocrx_word' id='word_1_21' title='bbox 1891 814 2124 865; x_wconf 83' lang='lat' dir='ltr'><strong>autem</strong></span> <span class='ocrx_word' id='word_1_22' title='bbox 2155 824 2314 893; x_wconf 65' lang='lat' dir='ltr'><strong>pen-</strong></span> 
     </span>
     <span class='ocr_line' id='line_1_4' title="bbox 295 922 2310 1027; baseline -0.001 -19"><span class='ocrx_word' id='word_1_23' title='bbox 295 953 466 1008; x_wconf 81' lang='lat' dir='ltr'><strong>euut</strong></span> <span class='ocrx_word' id='word_1_24' title='bbox 506 932 581 1004; x_wconf 88' lang='lat' dir='ltr'><strong>in</strong></span> <span class='ocrx_word' id='word_1_25' title='bbox 626 954 825 1027; x_wconf 82' lang='lat' dir='ltr'><strong>aqua.</strong></span> <span class='ocrx_word' id='word_1_26' title='bbox 938 923 1421 1022; x_wconf 82' lang='lat' dir='ltr'><strong>Quaecunque</strong></span> <span class='ocrx_word' id='word_1_27' title='bbox 1444 944 1699 997; x_wconf 71' lang='lat' dir='ltr'><strong>autem</strong></span> <span class='ocrx_word' id='word_1_28' title='bbox 1745 922 2204 1023; x_wconf 82' lang='lat' dir='ltr'><strong>deposuerint</strong></span> <span class='ocrx_word' id='word_1_29' title='bbox 2233 932 2310 1005; x_wconf 87' lang='lat' dir='ltr'><strong>in</strong></span> 
     </span>
     <span class='ocr_line' id='line_1_5' title="bbox 295 1058 2310 1160; baseline 0 -22"><span class='ocrx_word' id='word_1_30' title='bbox 295 1066 467 1141; x_wconf 83' lang='lat' dir='ltr'><strong>locis</strong></span> <span class='ocrx_word' id='word_1_31' title='bbox 479 1120 500 1160; x_wconf 90' lang='lat'>‚</span> <span class='ocrx_word' id='word_1_32' title='bbox 580 1064 659 1137; x_wconf 89' lang='lat' dir='ltr'><strong>in</strong></span> <span class='ocrx_word' id='word_1_33' title='bbox 698 1062 965 1160; x_wconf 87' lang='lat' dir='ltr'><strong>quibus</strong></span> <span class='ocrx_word' id='word_1_34' title='bbox 1012 1058 1301 1157; x_wconf 82' lang='lat' dir='ltr'><strong>pariunt</strong></span> <span class='ocrx_word' id='word_1_35' title='bbox 1316 1110 1339 1149; x_wconf 87' lang='lat'>‚</span> <span class='ocrx_word' id='word_1_36' title='bbox 1404 1084 1486 1131; x_wconf 86' lang='lat' dir='ltr'><strong>ea</strong></span> <span class='ocrx_word' id='word_1_37' title='bbox 1527 1080 1922 1157; x_wconf 76' lang='lat' dir='ltr'><strong>supersunt.</strong></span> <span class='ocrx_word' id='word_1_38' title='bbox 2027 1063 2310 1139; x_wconf 81' lang='lat' dir='ltr'><strong>Etenim</strong></span> 
     </span>
     <span class='ocr_line' id='line_1_6' title="bbox 293 1190 2308 1293; baseline -0.001 -22"><span class='ocrx_word' id='word_1_39' title='bbox 293 1200 351 1275; x_wconf 80' lang='lat' dir='ltr'><strong>si</strong></span> <span class='ocrx_word' id='word_1_40' title='bbox 397 1200 637 1275; x_wconf 86' lang='lat' dir='ltr'><strong>omnia</strong></span> <span class='ocrx_word' id='word_1_41' title='bbox 669 1194 1057 1269; x_wconf 80' lang='lat' dir='ltr'><strong>incolumia</strong></span> <span class='ocrx_word' id='word_1_42' title='bbox 1094 1194 1325 1265; x_wconf 74' lang='lat' dir='ltr'><strong>forent</strong></span> <span class='ocrx_word' id='word_1_43' title='bbox 1340 1244 1361 1283; x_wconf 90' lang='lat'><strong>,</strong></span> <span class='ocrx_word' id='word_1_44' title='bbox 1414 1190 1634 1283; x_wconf 74' lang='lat' dir='ltr'><strong>nimia</strong></span> <span class='ocrx_word' id='word_1_45' title='bbox 1665 1194 2008 1293; x_wconf 83' lang='lat' dir='ltr'><strong>cuiusque</strong></span> <span class='ocrx_word' id='word_1_46' title='bbox 2028 1196 2308 1291; x_wconf 63' lang='lat' dir='ltr'><strong>’generis</strong></span> 
     </span>
     <span class='ocr_line' id='line_1_7' title="bbox 292 1324 2308 1430; baseline -0.002 -21"><span class='ocrx_word' id='word_1_47' title='bbox 292 1354 467 1409; x_wconf 80' lang='lat' dir='ltr'><strong>esset</strong></span> <span class='ocrx_word' id='word_1_48' title='bbox 492 1331 720 1429; x_wconf 78' lang='lat' dir='ltr'><strong>eopia.</strong></span> <span class='ocrx_word' id='word_1_49' title='bbox 806 1328 1131 1417; x_wconf 81' lang='lat' dir='ltr'><strong>Quin·ne</strong></span> <span class='ocrx_word' id='word_1_50' title='bbox 1158 1324 1421 1399; x_wconf 81' lang='lat' dir='ltr'><strong>horum</strong></span> <span class='ocrx_word' id='word_1_51' title='bbox 1456 1326 1757 1423; x_wconf 76' lang='lat' dir='ltr'><strong>quidem</strong></span> <span class='ocrx_word' id='word_1_52' title='bbox 1775 1328 2152 1427; x_wconf 81' lang='lat' dir='ltr'><strong>quodlibet</strong></span> <span class='ocrx_word' id='word_1_53' title='bbox 2177 1358 2308 1430; x_wconf 82' lang='lat' dir='ltr'><strong>ge-</strong></span> 
     </span>
     <span class='ocr_line' id='line_1_8' title="bbox 292 1461 2304 1571; baseline -0.002 -29"><span class='ocrx_word' id='word_1_54' title='bbox 292 1464 511 1542; x_wconf 81' lang='lat' dir='ltr'><strong>nitale</strong></span> <span class='ocrx_word' id='word_1_55' title='bbox 538 1488 677 1560; x_wconf 71' lang='lat' dir='ltr'><strong>eet,</strong></span> <span class='ocrx_word' id='word_1_56' title='bbox 706 1462 827 1539; x_wconf 86' lang='lat' dir='ltr'><strong>sed</strong></span> <span class='ocrx_word' id='word_1_57' title='bbox 856 1488 1037 1563; x_wconf 84' lang='lat' dir='ltr'><strong>quae</strong></span> <span class='ocrx_word' id='word_1_58' title='bbox 1066 1461 1385 1537; x_wconf 79' lang='lat' dir='ltr'><strong>irrorarit</strong></span> <span class='ocrx_word' id='word_1_59' title='bbox 1414 1462 1734 1571; x_wconf 83' lang='lat' dir='ltr'><strong>genitura</strong></span> <span class='ocrx_word' id='word_1_60' title='bbox 1763 1488 1888 1535; x_wconf 80' lang='lat' dir='ltr'><strong>sua</strong></span> <span class='ocrx_word' id='word_1_61' title='bbox 1919 1490 2084 1555; x_wconf 71' lang='lat' dir='ltr'><strong>mae.</strong></span> <span class='ocrx_word' id='word_1_62' title='bbox 2168 1466 2304 1538; x_wconf 84' lang='lat' dir='ltr'><strong>Et-</strong></span> 
     </span>
     <span class='ocr_line' id='line_1_9' title="bbox 290 1596 2308 1699; baseline -0.003 -22"><span class='ocrx_word' id='word_1_63' title='bbox 290 1606 485 1678; x_wconf 85' lang='lat' dir='ltr'><strong>enim</strong></span> <span class='ocrx_word' id='word_1_64' title='bbox 526 1601 709 1675; x_wconf 88' lang='lat' dir='ltr'><strong>dum</strong></span> <span class='ocrx_word' id='word_1_65' title='bbox 751 1598 1072 1699; x_wconf 78' lang='lat' dir='ltr'><strong>pariunt,</strong></span> <span class='ocrx_word' id='word_1_66' title='bbox 1125 1623 1423 1696; x_wconf 82' lang='lat' dir='ltr'><strong>sequens</strong></span> <span class='ocrx_word' id='word_1_67' title='bbox 1471 1622 1620 1669; x_wconf 75' lang='lat' dir='ltr'><strong>mas</strong></span> <span class='ocrx_word' id='word_1_68' title='bbox 1661 1596 1962 1695; x_wconf 74' lang='lat' dir='ltr'><strong>aspergit</strong></span> <span class='ocrx_word' id='word_1_69' title='bbox 2005 1623 2144 1670; x_wconf 84' lang='lat' dir='ltr'><strong>oua</strong></span> <span class='ocrx_word' id='word_1_70' title='bbox 2187 1624 2308 1671; x_wconf 79' lang='lat' dir='ltr'><strong>se·-</strong></span> 
     </span>
     <span class='ocr_line' id='line_1_10' title="bbox 288 1728 2308 1831; baseline -0.003 -18"><span class='ocrx_word' id='word_1_71' title='bbox 288 1738 481 1813; x_wconf 84' lang='lat' dir='ltr'><strong>mine</strong></span> <span class='ocrx_word' id='word_1_72' title='bbox 514 1764 665 1811; x_wconf 82' lang='lat' dir='ltr'><strong>suo.</strong></span> <span class='ocrx_word' id='word_1_73' title='bbox 750 1736 961 1823; x_wconf 85' lang='lat' dir='ltr'><strong>Quae</strong></span> <span class='ocrx_word' id='word_1_74' title='bbox 988 1732 1205 1831; x_wconf 83' lang='lat' dir='ltr'><strong>igitur</strong></span> <span class='ocrx_word' id='word_1_75' title='bbox 1238 1758 1516 1829; x_wconf 77' lang='lat' dir='ltr'><strong>aspersa</strong></span> <span class='ocrx_word' id='word_1_76' title='bbox 1540 1728 1846 1823; x_wconf 71' lang='lat' dir='ltr'><strong>fuerint,</strong></span> <span class='ocrx_word' id='word_1_77' title='bbox 1898 1756 1988 1805; x_wconf 76' lang='lat' dir='ltr'><strong>ex</strong></span> <span class='ocrx_word' id='word_1_78' title='bbox 2021 1733 2108 1805; x_wconf 78' lang='lat' dir='ltr'><strong>iis</strong></span> <span class='ocrx_word' id='word_1_79' title='bbox 2139 1738 2308 1807; x_wconf 73' lang='lat' dir='ltr'><strong>‹rm-&#39;-</strong></span> 
     </span>
     <span class='ocr_line' id='line_1_11' title="bbox 284 1862 2407 1970; baseline -0.002 -24"><span class='ocrx_word' id='word_1_80' title='bbox 284 1872 499 1946; x_wconf 83' lang='lat' dir='ltr'><strong>nibus</strong></span> <span class='ocrx_word' id='word_1_81' title='bbox 526 1869 849 1970; x_wconf 81' lang='lat' dir='ltr'><strong>pisciculi</strong></span> <span class='ocrx_word' id='word_1_82' title='bbox 876 1886 1334 1968; x_wconf 65' lang='lat' dir='ltr'><strong>generantum,</strong></span> <span class='ocrx_word' id='word_1_83' title='bbox 1388 1862 1551 1937; x_wconf 72' lang='lat' dir='ltr'><strong>aliie</strong></span> <span class='ocrx_word' id='word_1_84' title='bbox 1575 1864 1711 1937; x_wconf 86' lang='lat' dir='ltr'><strong>alia</strong></span> <span class='ocrx_word' id='word_1_85' title='bbox 1739 1890 1888 1937; x_wconf 84' lang='lat' dir='ltr'><strong>sors</strong></span> <span class='ocrx_word' id='word_1_86' title='bbox 1917 1886 2044 1939; x_wconf 64' lang='lat' dir='ltr'><strong>esu</strong></span> <span class='ocrx_word' id='word_1_87' title='bbox 2139 1867 2303 1942; x_wconf 80' lang='lat' dir='ltr'><strong>Hoc</strong></span> <span class='ocrx_word' id='word_1_88' title='bbox 2362 1880 2407 1941; x_wconf 75' lang='lat'>3</span> 
     </span>
     <span class='ocr_line' id='line_1_12' title="bbox 285 1998 2304 2099; baseline 0 -20"><span class='ocrx_word' id='word_1_89' title='bbox 285 2004 483 2081; x_wconf 84' lang='lat' dir='ltr'><strong>idem</strong></span> <span class='ocrx_word' id='word_1_90' title='bbox 528 2004 738 2079; x_wconf 77' lang='lat' dir='ltr'><strong>etiam</strong></span> <span class='ocrx_word' id='word_1_91' title='bbox 774 2002 1137 2079; x_wconf 73' lang='lat' dir='ltr'><strong>molluecis</strong></span> <span class='ocrx_word' id='word_1_92' title='bbox 1180 1999 1437 2089; x_wconf 70' lang='lat' dir='ltr'><strong>euenit.</strong></span> <span class='ocrx_word' id='word_1_93' title='bbox 1477 2054 1486 2065; x_wconf 91' lang='lat'><strong>.</strong></span> <span class='ocrx_word' id='word_1_94' title='bbox 1527 1998 1732 2073; x_wconf 83' lang='lat' dir='ltr'><strong>Nam</strong></span> <span class='ocrx_word' id='word_1_95' title='bbox 1749 2056 1756 2063; x_wconf 82' lang='grc'><strong>.</strong></span> <span class='ocrx_word' id='word_1_96' title='bbox 1775 2000 1852 2075; x_wconf 84' lang='lat' dir='ltr'><strong>in</strong></span> <span class='ocrx_word' id='word_1_97' title='bbox 1893 2028 2146 2099; x_wconf 80' lang='lat' dir='ltr'><strong>genere</strong></span> <span class='ocrx_word' id='word_1_98' title='bbox 2185 2030 2304 2079; x_wconf 81' lang='lat' dir='ltr'><strong>se·-</strong></span> 
     </span>
     <span class='ocr_line' id='line_1_13' title="bbox 284 2132 2303 2241; baseline -0.001 -26"><span class='ocrx_word' id='word_1_99' title='bbox 284 2142 567 2241; x_wconf 83' lang='lat' dir='ltr'><strong>piarum</strong></span> <span class='ocrx_word' id='word_1_100' title='bbox 594 2139 857 2215; x_wconf 83' lang='lat' dir='ltr'><strong>femina</strong></span> <span class='ocrx_word' id='word_1_101' title='bbox 882 2140 1003 2215; x_wconf 84' lang='lat' dir='ltr'><strong>vbi</strong></span> <span class='ocrx_word' id='word_1_102' title='bbox 1028 2132 1341 2237; x_wconf 67' lang='lat' dir='ltr'><strong>peperit,</strong></span> <span class='ocrx_word' id='word_1_103' title='bbox 1390 2135 1831 2210; x_wconf 60' lang='lat' dir='ltr'><strong>munimem</strong></span> <span class='ocrx_word' id='word_1_104' title='bbox 1855 2162 2014 2209; x_wconf 84' lang='lat' dir='ltr'><strong>oua.</strong></span> <span class='ocrx_word' id='word_1_105' title='bbox 2085 2137 2303 2225; x_wconf 80' lang='lat' dir='ltr'><strong>Quod</strong></span> 
     </span>
     <span class='ocr_line' id='line_1_14' title="bbox 286 2271 2302 2371; baseline -0.002 -22"><span class='ocrx_word' id='word_1_106' title='bbox 286 2274 565 2349; x_wconf 83' lang='lat' dir='ltr'><strong>ratione</strong></span> <span class='ocrx_word' id='word_1_107' title='bbox 596 2273 750 2371; x_wconf 78' lang='lat' dir='ltr'><strong>pari</strong></span> <span class='ocrx_word' id='word_1_108' title='bbox 768 2272 1099 2371; x_wconf 74' lang='lat' dir='ltr'><strong>colligere</strong></span> <span class='ocrx_word' id='word_1_109' title='bbox 1122 2272 1355 2370; x_wconf 64' lang='lat' dir='ltr'><strong>possis</strong></span> <span class='ocrx_word' id='word_1_110' title='bbox 1382 2272 1596 2345; x_wconf 71' lang='lat' dir='ltr'><strong>etiam</strong></span> <span class='ocrx_word' id='word_1_111' title='bbox 1627 2273 1705 2343; x_wconf 78' lang='lat' dir='ltr'><strong>in</strong></span> <span class='ocrx_word' id='word_1_112' title='bbox 1733 2271 1886 2345; x_wconf 82' lang='lat' dir='ltr'><strong>aliis</strong></span> <span class='ocrx_word' id='word_1_113' title='bbox 1915 2273 2075 2345; x_wconf 87' lang='lat' dir='ltr'><strong>fieri</strong></span> <span class='ocrx_word' id='word_1_114' title='bbox 2107 2272 2302 2347; x_wconf 86' lang='lat' dir='ltr'><strong>mol-</strong></span> 
     </span>
     <span class='ocr_line' id='line_1_15' title="bbox 282 2403 2299 2508; baseline -0.002 -25"><span class='ocrx_word' id='word_1_115' title='bbox 282 2407 541 2483; x_wconf 58' lang='lat' dir='ltr'><strong>luscis:</strong></span> <span class='ocrx_word' id='word_1_116' title='bbox 598 2434 764 2482; x_wconf 85' lang='lat' dir='ltr'><strong>nam</strong></span> <span class='ocrx_word' id='word_1_117' title='bbox 792 2409 871 2487; x_wconf 79' lang='lat' dir='ltr'><strong>in</strong></span> <span class='ocrx_word' id='word_1_118' title='bbox 902 2403 1075 2483; x_wconf 72' lang='lat' dir='ltr'><strong>solis</strong></span> <span class='ocrx_word' id='word_1_119' title='bbox 1116 2406 1327 2504; x_wconf 70' lang='lat' dir='ltr'><strong>sepiis</strong></span> <span class='ocrx_word' id='word_1_120' title='bbox 1374 2404 1468 2481; x_wconf 77' lang='lat' dir='ltr'><strong>ad</strong></span> <span class='ocrx_word' id='word_1_121' title='bbox 1493 2404 1693 2481; x_wconf 79' lang='lat' dir='ltr'><strong>hunc</strong></span> <span class='ocrx_word' id='word_1_122' title='bbox 1725 2434 1944 2508; x_wconf 83' lang='lat' dir='ltr'><strong>vsque</strong></span> <span class='ocrx_word' id='word_1_123' title='bbox 1991 2406 2184 2483; x_wconf 87' lang='lat' dir='ltr'><strong>diem</strong></span> <span class='ocrx_word' id='word_1_124' title='bbox 2219 2406 2299 2480; x_wconf 86' lang='lat' dir='ltr'><strong>id</strong></span> 
     </span>
     <span class='ocr_line' id='line_1_16' title="bbox 282 2538 2298 2645; baseline 0 -28"><span class='ocrx_word' id='word_1_125' title='bbox 282 2544 743 2617; x_wconf 71' lang='lat' dir='ltr'><strong>obseruatum</strong></span> <span class='ocrx_word' id='word_1_126' title='bbox 766 2562 887 2615; x_wconf 77' lang='lat' dir='ltr'><strong>est.</strong></span> <span class='ocrx_word' id='word_1_127' title='bbox 920 2538 1237 2615; x_wconf 82' lang='lat' dir='ltr'><strong>-Pariunt</strong></span> <span class='ocrx_word' id='word_1_128' title='bbox 1254 2568 1482 2642; x_wconf 85' lang='lat' dir='ltr'><strong>prope</strong></span> <span class='ocrx_word' id='word_1_129' title='bbox 1495 2562 1754 2617; x_wconf 84' lang='lat' dir='ltr'><strong>terram</strong></span> <span class='ocrx_word' id='word_1_130' title='bbox 1778 2542 1872 2618; x_wconf 86' lang='lat' dir='ltr'><strong>ad</strong></span> <span class='ocrx_word' id='word_1_131' title='bbox 1901 2571 2061 2619; x_wconf 79' lang='lat' dir='ltr'><strong>saxa</strong></span> <span class='ocrx_word' id='word_1_132' title='bbox 2077 2544 2298 2645; x_wconf 82' lang='lat' dir='ltr'><strong>gohii,</strong></span> 
     </span>
     <span class='ocr_line' id='line_1_17' title="bbox 284 2660 2300 2777; baseline -0.002 -25"><span class='ocrx_word' id='word_1_133' title='bbox 284 2699 533 2777; x_wconf 74' lang='lat' dir='ltr'><strong>estque</strong></span> <span class='ocrx_word' id='word_1_134' title='bbox 579 2674 783 2775; x_wconf 85' lang='lat' dir='ltr'><strong>quod</strong></span> <span class='ocrx_word' id='word_1_135' title='bbox 824 2660 1113 2775; x_wconf 79' lang='lat' dir='ltr'><strong>pariunt</strong></span> <span class='ocrx_word' id='word_1_136' title='bbox 1152 2677 1377 2749; x_wconf 87' lang='lat' dir='ltr'><strong>latum</strong></span> <span class='ocrx_word' id='word_1_137' title='bbox 1416 2698 1486 2749; x_wconf 88' lang='lat' dir='ltr'><strong>et</strong></span> <span class='ocrx_word' id='word_1_138' title='bbox 1505 2706 1954 2752; x_wconf 79' lang='lat' dir='ltr'><strong>-arenaceum.</strong></span> <span class='ocrx_word' id='word_1_139' title='bbox 2055 2678 2178 2750; x_wconf 82' lang='lat' dir='ltr'><strong>Sic</strong></span> <span class='ocrx_word' id='word_1_140' title='bbox 2231 2696 2300 2748; x_wconf 90' lang='lat' dir='ltr'><strong>et</strong></span> 
     </span>
     <span class='ocr_line' id='line_1_18' title="bbox 291 2808 2298 2911; baseline -0.002 -26"><span class='ocrx_word' id='word_1_141' title='bbox 291 2812 434 2885; x_wconf 79' lang='lat' dir='ltr'><strong>alii.</strong></span> <span class='ocrx_word' id='word_1_142' title='bbox 541 2808 931 2911; x_wconf 84' lang='lat' dir='ltr'><strong>Tepidiora</strong></span> <span class='ocrx_word' id='word_1_143' title='bbox 980 2811 1173 2885; x_wconf 86' lang='lat' dir='ltr'><strong>enim</strong></span> <span class='ocrx_word' id='word_1_144' title='bbox 1222 2812 1379 2885; x_wconf 84' lang='lat' dir='ltr'><strong>loea</strong></span> <span class='ocrx_word' id='word_1_145' title='bbox 1424 2808 1622 2887; x_wconf 81' lang='lat' dir='ltr'><strong>iuxta</strong></span> <span class='ocrx_word' id='word_1_146' title='bbox 1663 2832 1922 2886; x_wconf 82' lang='lat' dir='ltr'><strong>terram</strong></span> <span class='ocrx_word' id='word_1_147' title='bbox 1969 2832 2166 2906; x_wconf 82' lang='lat' dir='ltr'><strong>sunt3</strong></span> <span class='ocrx_word' id='word_1_148' title='bbox 2231 2829 2298 2883; x_wconf 87' lang='lat' dir='ltr'><strong>et</strong></span> 
     </span>
     <span class='ocr_line' id='line_1_19' title="bbox 262 2944 2296 3047; baseline 0 -27"><span class='ocrx_word' id='word_1_149' title='bbox 262 2968 393 3020; x_wconf 71' lang='lat' dir='ltr'><strong>‘est</strong></span> <span class='ocrx_word' id='word_1_150' title='bbox 436 2944 631 3021; x_wconf 78' lang='lat' dir='ltr'><strong>vnde</strong></span> <span class='ocrx_word' id='word_1_151' title='bbox 674 2948 837 3046; x_wconf 76' lang='lat' dir='ltr'><strong>plus</strong></span> <span class='ocrx_word' id='word_1_152' title='bbox 885 2972 1081 3021; x_wconf 79' lang='lat' dir='ltr'><strong>escae</strong></span> <span class='ocrx_word' id='word_1_153' title='bbox 1122 2945 1627 3047; x_wconf 78' lang='lat' dir='ltr'><strong>suppeditetur.</strong></span> <span class='ocrx_word' id='word_1_154' title='bbox 1728 2948 1940 3021; x_wconf 89' lang='lat' dir='ltr'><strong>-Tune</strong></span> <span class='ocrx_word' id='word_1_155' title='bbox 1985 2948 2088 3021; x_wconf 82' lang='lat' dir='ltr'><strong>sic</strong></span> <span class='ocrx_word' id='word_1_156' title='bbox 2127 2969 2296 3047; x_wconf 87' lang='lat' dir='ltr'><strong>pote</strong></span> 
     </span>
     <span class='ocr_line' id='line_1_20' title="bbox 289 3079 2296 3180; baseline 0.002 -27"><span class='ocrx_word' id='word_1_157' title='bbox 289 3101 587 3173; x_wconf 73' lang='lat' dir='ltr'><strong>canent,</strong></span> <span class='ocrx_word' id='word_1_158' title='bbox 619 3108 711 3174; x_wconf 76' lang='lat' dir='ltr'><strong>ne</strong></span> <span class='ocrx_word' id='word_1_159' title='bbox 732 3108 776 3153; x_wconf 86' lang='lat' dir='ltr'><strong>a</strong></span> <span class='ocrx_word' id='word_1_160' title='bbox 800 3079 1299 3180; x_wconf 79' lang='lat' dir='ltr'><strong>grandioribus</strong></span> <span class='ocrx_word' id='word_1_161' title='bbox 1314 3080 1544 3156; x_wconf 71' lang='lat' dir='ltr'><strong>foetus</strong></span> <span class='ocrx_word' id='word_1_162' title='bbox 1561 3082 2036 3155; x_wconf 80' lang='lat' dir='ltr'><strong>absumantur.</strong></span> <span class='ocrx_word' id='word_1_163' title='bbox 2091 3080 2296 3169; x_wconf 88' lang='lat' dir='ltr'><strong>Quae</strong></span> 
     </span>
     <span class='ocr_line' id='line_1_21' title="bbox 286 3215 2294 3311; baseline 0 -20"><span class='ocrx_word' id='word_1_164' title='bbox 286 3240 535 3291; x_wconf 77' lang='lat' dir='ltr'><strong>caussa</strong></span> <span class='ocrx_word' id='word_1_165' title='bbox 562 3236 663 3288; x_wconf 72' lang='lat' dir='ltr'><strong>est</strong></span> <span class='ocrx_word' id='word_1_166' title='bbox 676 3270 701 3311; x_wconf 89' lang='lat'>‚</span> <span class='ocrx_word' id='word_1_167' title='bbox 751 3242 829 3295; x_wconf 77' lang='lat' dir='ltr'><strong>vt</strong></span> <span class='ocrx_word' id='word_1_168' title='bbox 854 3218 931 3292; x_wconf 84' lang='lat' dir='ltr'><strong>in</strong></span> <span class='ocrx_word' id='word_1_169' title='bbox 960 3216 1193 3293; x_wconf 80' lang='lat' dir='ltr'><strong>Ponto</strong></span> <span class='ocrx_word' id='word_1_170' title='bbox 1223 3216 1316 3290; x_wconf 84' lang='lat' dir='ltr'><strong>ad</strong></span> <span class='ocrx_word' id='word_1_171' title='bbox 1348 3215 1957 3294; x_wconf 82' lang='lat' dir='ltr'><strong>Thermodontem</strong></span> <span class='ocrx_word' id='word_1_172' title='bbox 1987 3218 2294 3291; x_wconf 80' lang='lat' dir='ltr'><strong>fluuium</strong></span> 
     </span>
     <span class='ocr_line' id='line_1_22' title="bbox 288 3347 2295 3453; baseline 0.003 -32"><span class='ocrx_word' id='word_1_173' title='bbox 288 3347 587 3447; x_wconf 77' lang='lat' dir='ltr'><strong>plurimi</strong></span> <span class='ocrx_word' id='word_1_174' title='bbox 634 3355 946 3453; x_wconf 81' lang='lat' dir='ltr'><strong>pariant:</strong></span> <span class='ocrx_word' id='word_1_175' title='bbox 1010 3350 1441 3453; x_wconf 82' lang='lat' dir='ltr'><strong>tranquillus</strong></span> <span class='ocrx_word' id='word_1_176' title='bbox 1491 3354 1684 3428; x_wconf 84' lang='lat' dir='ltr'><strong>enim</strong></span> <span class='ocrx_word' id='word_1_177' title='bbox 1725 3353 1926 3428; x_wconf 77' lang='lat' dir='ltr'><strong>locus</strong></span> <span class='ocrx_word' id='word_1_178' title='bbox 1970 3376 2072 3429; x_wconf 87' lang='lat' dir='ltr'><strong>est</strong></span> <span class='ocrx_word' id='word_1_179' title='bbox 2105 3354 2295 3453; x_wconf 85' lang='lat' dir='ltr'><strong>tepi-</strong></span> 
     </span>
     <span class='ocr_line' id='line_1_23' title="bbox 291 3461 2390 3589; baseline 0.003 -30"><span class='ocrx_word' id='word_1_180' title='bbox 291 3480 601 3585; x_wconf 66' lang='lat' dir='ltr'><strong>dusque,</strong></span> <span class='ocrx_word' id='word_1_181' title='bbox 669 3510 740 3564; x_wconf 87' lang='lat' dir='ltr'><strong>et</strong></span> <span class='ocrx_word' id='word_1_182' title='bbox 788 3489 1075 3564; x_wconf 80' lang='lat' dir='ltr'><strong>vberior</strong></span> <span class='ocrx_word' id='word_1_183' title='bbox 1120 3514 1303 3589; x_wconf 83' lang='lat' dir='ltr'><strong>aqua</strong></span> <span class='ocrx_word' id='word_1_184' title='bbox 1352 3485 1569 3562; x_wconf 86' lang='lat' dir='ltr'><strong>dulci.</strong></span> <span class='ocrx_word' id='word_1_185' title='bbox 1675 3461 1834 3579; x_wconf 83' lang='lat' dir='ltr'><strong>Qui&#39;</strong></span> <span class='ocrx_word' id='word_1_186' title='bbox 1873 3489 2093 3563; x_wconf 86' lang='lat' dir='ltr'><strong>edunt</strong></span> <span class='ocrx_word' id='word_1_187' title='bbox 2151 3512 2292 3561; x_wconf 85' lang='lat' dir='ltr'><strong>oua</strong></span> <span class='ocrx_word' id='word_1_188' title='bbox 2344 3506 2390 3565; x_wconf 78' lang='lat'><strong>4</strong></span> 
     </span>
     <span class='ocr_line' id='line_1_24' title="bbox 286 3617 2292 3735; baseline -0.002 -41"><span class='ocrx_word' id='word_1_189' title='bbox 286 3617 511 3719; x_wconf 73' lang='lat' dir='ltr'><strong>pisces</strong></span> <span class='ocrx_word' id='word_1_190' title='bbox 540 3624 755 3699; x_wconf 72' lang='lat' dir='ltr'><strong>ceteri</strong></span> <span class='ocrx_word' id='word_1_191' title='bbox 772 3678 795 3719; x_wconf 86' lang='lat'><strong><em>,</em></strong></span> <span class='ocrx_word' id='word_1_192' title='bbox 844 3625 1059 3735; x_wconf 67' lang='lat' dir='ltr'><strong>semel</strong></span> <span class='ocrx_word' id='word_1_193' title='bbox 1090 3624 1377 3724; x_wconf 75' lang='lat' dir='ltr'><strong>pariunt</strong></span> <span class='ocrx_word' id='word_1_194' title='bbox 1396 3624 1478 3697; x_wconf 84' lang='lat' dir='ltr'><strong>in</strong></span> <span class='ocrx_word' id='word_1_195' title='bbox 1517 3648 1702 3697; x_wconf 85' lang='lat' dir='ltr'><strong>anno</strong></span> <span class='ocrx_word' id='word_1_196' title='bbox 1733 3643 2004 3723; x_wconf 82' lang='lat' dir='ltr'><strong>praeter</strong></span> <span class='ocrx_word' id='word_1_197' title='bbox 2035 3644 2292 3720; x_wconf 78' lang='lat' dir='ltr'><strong>paruas</strong></span> 
     </span>
     <span class='ocr_line' id='line_1_25' title="bbox 284 3750 2292 3859; baseline 0.001 -34"><span class='ocrx_word' id='word_1_198' title='bbox 284 3750 501 3825; x_wconf 74' lang='lat' dir='ltr'><strong>fucas.</strong></span> <span class='ocrx_word' id='word_1_199' title='bbox 542 3754 967 3859; x_wconf 70' lang='lat' dir='ltr'><strong>(phycides.)</strong></span> <span class='ocrx_word' id='word_1_200' title='bbox 1050 3760 1209 3835; x_wconf 79' lang='lat' dir='ltr'><strong>Hae</strong></span> <span class='ocrx_word' id='word_1_201' title='bbox 1240 3759 1429 3832; x_wconf 83' lang='lat' dir='ltr'><strong>enim</strong></span> <span class='ocrx_word' id='word_1_202' title='bbox 1456 3760 1588 3832; x_wconf 80' lang='lat' dir='ltr'><strong>bis.</strong></span> <span class='ocrx_word' id='word_1_203' title='bbox 1670 3758 1932 3832; x_wconf 73' lang='lat' dir='ltr'><strong>Differ-t</strong></span> <span class='ocrx_word' id='word_1_204' title='bbox 1961 3786 2004 3831; x_wconf 78' lang='lat' dir='ltr'><strong>a</strong></span> <span class='ocrx_word' id='word_1_205' title='bbox 2030 3753 2292 3828; x_wconf 81' lang='lat' dir='ltr'><strong>femina</strong></span> 
     </span>
     <span class='ocr_line' id='line_1_26' title="bbox 289 3885 2290 3997; baseline -0.002 -31"><span class='ocrx_word' id='word_1_206' title='bbox 289 3885 531 3983; x_wconf 65' lang='lat' dir='ltr'><strong>fucu&#39;s,</strong></span> <span class='ocrx_word' id='word_1_207' title='bbox 591 3886 971 3992; x_wconf 67' lang='lat' dir='ltr'><strong>(Phyeoe,)</strong></span> <span class='ocrx_word' id='word_1_208' title='bbox 1018 3894 1221 3997; x_wconf 84' lang='lat' dir='ltr'><strong>quod</strong></span> <span class='ocrx_word' id='word_1_209' title='bbox 1280 3915 1351 3970; x_wconf 86' lang='lat' dir='ltr'><strong>et</strong></span> <span class='ocrx_word' id='word_1_210' title='bbox 1412 3892 1682 3993; x_wconf 81' lang='lat' dir='ltr'><strong>nigrior</strong></span> <span class='ocrx_word' id='word_1_211' title='bbox 1745 3896 1829 3969; x_wconf 81' lang='lat' dir='ltr'><strong>fit</strong></span> <span class='ocrx_word' id='word_1_212' title='bbox 1893 3914 1992 3967; x_wconf 84' lang='lat' dir='ltr'><strong>et.</strong></span> <span class='ocrx_word' id='word_1_213' title='bbox 2037 3886 2290 3962; x_wconf 86' lang='lat' dir='ltr'><strong>maiori</strong></span> 
     </span>
     <span class='ocr_line' id='line_1_27' title="bbox 292 4020 2286 4127; baseline -0.003 -27"><span class='ocrx_word' id='word_1_214' title='bbox 292 4040 661 4119; x_wconf 65' lang='lat' dir='ltr'><strong>‘quamma</strong></span> <span class='ocrx_word' id='word_1_215' title='bbox 686 4042 929 4099; x_wconf 83' lang='lat' dir='ltr'><strong>tectus.</strong></span> <span class='ocrx_word' id='word_1_216' title='bbox 980 4026 1203 4127; x_wconf 82' lang='lat' dir='ltr'><strong>Igitur</strong></span> <span class='ocrx_word' id='word_1_217' title='bbox 1230 4031 1441 4106; x_wconf 85' lang='lat' dir='ltr'><strong>ceteri</strong></span> <span class='ocrx_word' id='word_1_218' title='bbox 1473 4055 1714 4104; x_wconf 78' lang='lat' dir='ltr'><strong>omnes</strong></span> <span class='ocrx_word' id='word_1_219' title='bbox 1741 4028 1963 4127; x_wconf 85' lang='lat' dir='ltr'><strong>pisces</strong></span> <span class='ocrx_word' id='word_1_220' title='bbox 1981 4020 2286 4120; x_wconf 81' lang='lat' dir='ltr'><strong>legitima</strong></span> 
     </span>
    </p>
   </div>
  </div>
 </body>
</html>
