<?xml version="1.0" encoding="UTF-8"?>
<!DOCTYPE html PUBLIC "-//W3C//DTD XHTML 1.0 Transitional//EN"
    "http://www.w3.org/TR/xhtml1/DTD/xhtml1-transitional.dtd">
<html xmlns="http://www.w3.org/1999/xhtml" xml:lang="en" lang="en">
 <head>
  <title>
</title>
<meta http-equiv="Content-Type" content="text/html;charset=utf-8" />
  <meta name='ocr-system' content='tesseract 3.04.00' />
  <meta name='ocr-capabilities' content='ocr_page ocr_carea ocr_par ocr_line ocrx_word'/>
</head>
<body>
  <div class='ocr_page' id='page_1' title='image "aristotelisdean02schngoog_0070.png"; bbox 0 0 2917 4959; ppageno 0'>
   <div class='ocr_carea' id='block_1_1' title="bbox 695 452 2062 535">
    <p class='ocr_par' dir='ltr' id='par_1_1' title="bbox 695 452 2062 535">
     <span class='ocr_line' id='line_1_1' title="bbox 695 452 2062 535; baseline 0.001 -7"><span class='ocrx_word' id='word_1_1' title='bbox 695 455 791 535; x_wconf 72' lang='lat'><strong>(50</strong></span> <span class='ocrx_word' id='word_1_2' title='bbox 1297 452 2062 529; x_wconf 82' lang='lat' dir='ltr'><strong>ARISTOTELIS</strong></span> 
     </span>
    </p>
   </div>
   <div class='ocr_carea' id='block_1_2' title="bbox 575 637 2662 4124">
    <p class='ocr_par' dir='ltr' id='par_1_2' title="bbox 575 637 2662 4124">
     <span class='ocr_line' id='line_1_2' title="bbox 661 637 2656 747; baseline 0.005 -32"><span class='ocrx_word' id='word_1_3' title='bbox 661 643 794 717; x_wconf 79' lang='lat' dir='ltr'><strong>&#39;vti</strong></span> <span class='ocrx_word' id='word_1_4' title='bbox 855 662 920 713; x_wconf 80' lang='lat' dir='ltr'><strong>et</strong></span> <span class='ocrx_word' id='word_1_5' title='bbox 979 637 1475 737; x_wconf 80' lang='lat' dir='ltr'>quadrupedes</span> <span class='ocrx_word' id='word_1_6' title='bbox 1540 640 1745 736; x_wconf 86' lang='lat' dir='ltr'><strong>illae,</strong></span> <span class='ocrx_word' id='word_1_7' title='bbox 1814 672 1995 743; x_wconf 83' lang='lat' dir='ltr'><strong>quae</strong></span> <span class='ocrx_word' id='word_1_8' title='bbox 2046 645 2309 719; x_wconf 81' lang='lat' dir='ltr'><strong>animal</strong></span> <span class='ocrx_word' id='word_1_9' title='bbox 2358 642 2656 747; x_wconf 77' lang='lat' dir='ltr'><strong>pariunt.</strong></span> 
     </span>
     <span class='ocr_line' id='line_1_3' title="bbox 689 775 2662 884; baseline 0.006 -37"><span class='ocrx_word' id='word_1_10' title='bbox 689 775 1047 853; x_wconf 80' lang='lat' dir='ltr'><strong>Plurimae</strong></span> <span class='ocrx_word' id='word_1_11' title='bbox 1077 801 1362 873; x_wconf 89' lang='lat' dir='ltr'><strong>quoque</strong></span> <span class='ocrx_word' id='word_1_12' title='bbox 1397 776 1695 849; x_wconf 81' lang='lat' dir='ltr'><strong>caudam</strong></span> <span class='ocrx_word' id='word_1_13' title='bbox 1726 804 1973 877; x_wconf 85' lang='lat' dir='ltr'><strong>gerunt</strong></span> <span class='ocrx_word' id='word_1_14' title='bbox 2004 782 2391 882; x_wconf 80' lang='lat' dir='ltr'><strong>longiorem</strong></span> <span class='ocrx_word' id='word_1_15' title='bbox 2412 838 2433 873; x_wconf 83' lang='lat'>,</span> <span class='ocrx_word' id='word_1_16' title='bbox 2480 812 2662 884; x_wconf 85' lang='lat' dir='ltr'><strong>pau-</strong></span> 
     </span>
     <span class='ocr_line' id='line_1_4' title="bbox 685 898 2660 1014; baseline 0.004 -31"><span class='ocrx_word' id='word_1_17' title='bbox 685 938 804 985; x_wconf 81' lang='lat' dir='ltr'><strong>cae</strong></span> <span class='ocrx_word' id='word_1_18' title='bbox 837 910 1157 983; x_wconf 88' lang='lat' dir='ltr'><strong>breuem:</strong></span> <span class='ocrx_word' id='word_1_19' title='bbox 1206 930 1520 985; x_wconf 83' lang='lat' dir='ltr'><strong>ceterum</strong></span> <span class='ocrx_word' id='word_1_20' title='bbox 1560 939 1803 987; x_wconf 87' lang='lat' dir='ltr'><strong>omues</strong></span> <span class='ocrx_word' id='word_1_21' title='bbox 1850 913 2317 1014; x_wconf 81' lang='lat' dir='ltr'><strong>multidigitae</strong></span> <span class='ocrx_word' id='word_1_22' title='bbox 2346 943 2429 989; x_wconf 79' lang='lat' dir='ltr'><strong>ac</strong></span> <span class='ocrx_word' id='word_1_23' title='bbox 2462 898 2660 999; x_wconf 80' lang='lat' dir='ltr'><strong>mul-</strong></span> 
     </span>
     <span class='ocr_line' id='line_1_5' title="bbox 679 1042 2659 1129; baseline 0.006 -12"><span class='ocrx_word' id='word_1_24' title='bbox 679 1042 922 1119; x_wconf 71' lang='lat' dir='ltr'><strong>tifidae</strong></span> <span class='ocrx_word' id='word_1_25' title='bbox 953 1043 1274 1117; x_wconf 82' lang='lat' dir='ltr'><strong>existunt.</strong></span> <span class='ocrx_word' id='word_1_26' title='bbox 1377 1046 1613 1121; x_wconf 82' lang='lat' dir='ltr'><strong>Partes</strong></span> <span class='ocrx_word' id='word_1_27' title='bbox 1640 1050 1851 1123; x_wconf 84' lang='lat' dir='ltr'><strong>etiam</strong></span> <span class='ocrx_word' id='word_1_28' title='bbox 1877 1050 2227 1124; x_wconf 84' lang='lat' dir='ltr'><strong>sentiendi</strong></span> <span class='ocrx_word' id='word_1_29' title='bbox 2256 1053 2493 1127; x_wconf 90' lang='lat' dir='ltr'><strong>officio</strong></span> <span class='ocrx_word' id='word_1_30' title='bbox 2514 1053 2659 1129; x_wconf 82' lang='lat' dir='ltr'><strong>de-</strong></span> 
     </span>
     <span class='ocr_line' id='line_1_6' title="bbox 681 1179 2659 1285; baseline 0.003 -30"><span class='ocrx_word' id='word_1_31' title='bbox 681 1179 963 1255; x_wconf 71' lang='lat' dir='ltr'><strong>stinatas</strong></span> <span class='ocrx_word' id='word_1_32' title='bbox 993 1208 1072 1251; x_wconf 84' lang='lat' dir='ltr'><strong>ac</strong></span> <span class='ocrx_word' id='word_1_33' title='bbox 1099 1181 1415 1277; x_wconf 82' lang='lat' dir='ltr'>linguam</span> <span class='ocrx_word' id='word_1_34' title='bbox 1447 1210 1735 1284; x_wconf 86' lang='lat' dir='ltr'><strong>quoque</strong></span> <span class='ocrx_word' id='word_1_35' title='bbox 1765 1213 2007 1260; x_wconf 86' lang='lat' dir='ltr'><strong>omnes</strong></span> <span class='ocrx_word' id='word_1_36' title='bbox 2035 1184 2331 1279; x_wconf 82' lang='lat' dir='ltr'><strong>habent,</strong></span> <span class='ocrx_word' id='word_1_37' title='bbox 2383 1210 2659 1285; x_wconf 81' lang='lat' dir='ltr'><strong>praeter</strong></span> 
     </span>
     <span class='ocr_line' id='line_1_7' title="bbox 681 1314 2655 1423; baseline 0.004 -34"><span class='ocrx_word' id='word_1_38' title='bbox 681 1316 1114 1417; x_wconf 79' lang='lat' dir='ltr'><strong>Aegyptium</strong></span> <span class='ocrx_word' id='word_1_39' title='bbox 1155 1314 1635 1391; x_wconf 84' lang='lat' dir='ltr'><strong>crocodilum:</strong></span> <span class='ocrx_word' id='word_1_40' title='bbox 1688 1321 1747 1393; x_wconf 84' lang='lat' dir='ltr'><strong>is</strong></span> <span class='ocrx_word' id='word_1_41' title='bbox 1792 1348 2097 1419; x_wconf 78' lang='lat' dir='ltr'><strong>namque</strong></span> <span class='ocrx_word' id='word_1_42' title='bbox 2138 1320 2439 1423; x_wconf 78' lang='lat' dir='ltr'><strong>piscium</strong></span> <span class='ocrx_word' id='word_1_43' title='bbox 2480 1350 2655 1421; x_wconf 85' lang='lat' dir='ltr'><strong>quo-</strong></span> 
     </span>
     <span class='ocr_line' id='line_1_8' title="bbox 575 1452 2654 1551; baseline 0.002 -25"><span class='ocrx_word' id='word_1_44' title='bbox 575 1486 584 1507; x_wconf 84' lang='lat'>·</span> <span class='ocrx_word' id='word_1_45' title='bbox 681 1452 988 1527; x_wconf 63' lang='lat' dir='ltr'><strong>mundam</strong></span> <span class='ocrx_word' id='word_1_46' title='bbox 1037 1472 1320 1524; x_wconf 83' lang='lat' dir='ltr'><strong>naturae</strong></span> <span class='ocrx_word' id='word_1_47' title='bbox 1369 1454 1663 1551; x_wconf 84' lang='lat' dir='ltr'>propior</span> <span class='ocrx_word' id='word_1_48' title='bbox 1694 1476 1812 1527; x_wconf 84' lang='lat' dir='ltr'><strong>est.</strong></span> <span class='ocrx_word' id='word_1_49' title='bbox 1918 1453 2234 1526; x_wconf 85' lang='lat' dir='ltr'>Piscibus</span> <span class='ocrx_word' id='word_1_50' title='bbox 2268 1456 2459 1529; x_wconf 85' lang='lat' dir='ltr'><strong>enim</strong></span> <span class='ocrx_word' id='word_1_51' title='bbox 2492 1484 2654 1531; x_wconf 90' lang='lat' dir='ltr'><strong>om-</strong></span> 
     </span>
     <span class='ocr_line' id='line_1_9' title="bbox 624 1588 2650 1687; baseline 0.001 -25"><span class='ocrx_word' id='word_1_52' title='bbox 624 1666 630 1671; x_wconf 60' lang='lat'><em>,</em></span> <span class='ocrx_word' id='word_1_53' title='bbox 667 1591 850 1663; x_wconf 76' lang='lat' dir='ltr'><strong>nino</strong></span> <span class='ocrx_word' id='word_1_54' title='bbox 878 1588 1116 1687; x_wconf 84' lang='lat' dir='ltr'><strong>spinea</strong></span> <span class='ocrx_word' id='word_1_55' title='bbox 1141 1608 1353 1687; x_wconf 84' lang='lat' dir='ltr'><strong>atque</strong></span> <span class='ocrx_word' id='word_1_56' title='bbox 1377 1588 1801 1687; x_wconf 78' lang='lat' dir='ltr'><strong>inexplicata</strong></span> <span class='ocrx_word' id='word_1_57' title='bbox 1832 1588 2075 1687; x_wconf 81' lang='lat' dir='ltr'><strong>lingua</strong></span> <span class='ocrx_word' id='word_1_58' title='bbox 2106 1610 2223 1665; x_wconf 86' lang='lat' dir='ltr'><strong>est.</strong></span> <span class='ocrx_word' id='word_1_59' title='bbox 2336 1592 2650 1679; x_wconf 85' lang='lat' dir='ltr'><strong>Quidam</strong></span> 
     </span>
     <span class='ocr_line' id='line_1_10' title="bbox 677 1723 2653 1824; baseline 0.002 -27"><span class='ocrx_word' id='word_1_60' title='bbox 677 1724 886 1797; x_wconf 82' lang='lat' dir='ltr'><strong>etiam</strong></span> <span class='ocrx_word' id='word_1_61' title='bbox 917 1724 1191 1795; x_wconf 88' lang='lat' dir='ltr'><strong>laeuem</strong></span> <span class='ocrx_word' id='word_1_62' title='bbox 1223 1743 1431 1823; x_wconf 87' lang='lat' dir='ltr'><strong>atque</strong></span> <span class='ocrx_word' id='word_1_63' title='bbox 1476 1723 1931 1798; x_wconf 85' lang='lat' dir='ltr'><strong>indiscretum</strong></span> <span class='ocrx_word' id='word_1_64' title='bbox 1960 1726 2199 1799; x_wconf 87' lang='lat' dir='ltr'><strong>locum</strong></span> <span class='ocrx_word' id='word_1_65' title='bbox 2228 1723 2490 1799; x_wconf 83' lang='lat' dir='ltr'><strong>habent</strong></span> <span class='ocrx_word' id='word_1_66' title='bbox 2519 1754 2653 1824; x_wconf 81' lang='lat' dir='ltr'><strong>pe-</strong></span> 
     </span>
     <span class='ocr_line' id='line_1_11' title="bbox 681 1857 2647 1952; baseline 0.001 -19"><span class='ocrx_word' id='word_1_67' title='bbox 681 1860 892 1952; x_wconf 81' lang='lat' dir='ltr'><strong>nitus,</strong></span> <span class='ocrx_word' id='word_1_68' title='bbox 903 1881 1004 1951; x_wconf 72' lang='lat' dir='ltr'><strong>vt,</strong></span> <span class='ocrx_word' id='word_1_69' title='bbox 1031 1857 1166 1931; x_wconf 86' lang='lat' dir='ltr'><strong>nisi</strong></span> <span class='ocrx_word' id='word_1_70' title='bbox 1188 1859 1386 1931; x_wconf 82' lang='lat' dir='ltr'><strong>labra</strong></span> <span class='ocrx_word' id='word_1_71' title='bbox 1403 1857 1854 1934; x_wconf 83' lang='lat' dir='ltr'><strong>vehementer</strong></span> <span class='ocrx_word' id='word_1_72' title='bbox 1870 1858 2297 1935; x_wconf 72' lang='lat' dir='ltr'><strong>diducuntur</strong></span> <span class='ocrx_word' id='word_1_73' title='bbox 2312 1859 2355 1901; x_wconf 91' lang='lat'><strong>*</strong></span> <span class='ocrx_word' id='word_1_74' title='bbox 2372 1859 2414 1907; x_wconf 86' lang='lat'><em>*</em></span> <span class='ocrx_word' id='word_1_75' title='bbox 2429 1861 2469 1903; x_wconf 87' lang='lat'><strong>*</strong></span> <span class='ocrx_word' id='word_1_76' title='bbox 2484 1860 2647 1934; x_wconf 84' lang='lat' dir='ltr'><strong>Au—</strong></span> 
     </span>
     <span class='ocr_line' id='line_1_12' title="bbox 674 1992 2647 2093; baseline 0.001 -24"><span class='ocrx_word' id='word_1_77' title='bbox 674 1994 932 2069; x_wconf 81' lang='lat' dir='ltr'><strong>riculas</strong></span> <span class='ocrx_word' id='word_1_78' title='bbox 961 2021 1250 2093; x_wconf 89' lang='lat' dir='ltr'><strong>quoque</strong></span> <span class='ocrx_word' id='word_1_79' title='bbox 1287 1995 1523 2068; x_wconf 84' lang='lat' dir='ltr'><strong>nullas</strong></span> <span class='ocrx_word' id='word_1_80' title='bbox 1542 2050 1561 2086; x_wconf 85' lang='lat'>‚</span> <span class='ocrx_word' id='word_1_81' title='bbox 1634 1993 1757 2066; x_wconf 85' lang='lat' dir='ltr'><strong>sed</strong></span> <span class='ocrx_word' id='word_1_82' title='bbox 1792 1992 1881 2065; x_wconf 90' lang='lat' dir='ltr'><strong>ad</strong></span> <span class='ocrx_word' id='word_1_83' title='bbox 1917 1993 2348 2067; x_wconf 87' lang='lat' dir='ltr'><strong>audiendum</strong></span> <span class='ocrx_word' id='word_1_84' title='bbox 2382 2018 2647 2071; x_wconf 78' lang='lat' dir='ltr'><strong>meatus</strong></span> 
     </span>
     <span class='ocr_line' id='line_1_13' title="bbox 663 2128 2647 2230; baseline 0.002 -27"><span class='ocrx_word' id='word_1_85' title='bbox 663 2153 940 2204; x_wconf 81' lang='lat' dir='ltr'><strong>tantum</strong></span> <span class='ocrx_word' id='word_1_86' title='bbox 987 2128 1251 2203; x_wconf 81' lang='lat' dir='ltr'><strong>habent</strong></span> <span class='ocrx_word' id='word_1_87' title='bbox 1293 2130 1567 2203; x_wconf 87' lang='lat' dir='ltr'><strong>omnia:</strong></span> <span class='ocrx_word' id='word_1_88' title='bbox 1618 2156 1847 2227; x_wconf 83' lang='lat' dir='ltr'><strong>noque</strong></span> <span class='ocrx_word' id='word_1_89' title='bbox 1888 2156 2227 2201; x_wconf 78' lang='lat' dir='ltr'><strong>mammas</strong></span> <span class='ocrx_word' id='word_1_90' title='bbox 2260 2156 2487 2229; x_wconf 85' lang='lat' dir='ltr'><strong>neque</strong></span> <span class='ocrx_word' id='word_1_91' title='bbox 2520 2160 2647 2230; x_wconf 83' lang='lat' dir='ltr'><strong>ge·—</strong></span> 
     </span>
     <span class='ocr_line' id='line_1_14' title="bbox 579 2242 2646 2366; baseline -0 -25"><span class='ocrx_word' id='word_1_92' title='bbox 579 2242 590 2251; x_wconf 36' lang='grc'><strong><em>’</em></strong></span> <span class='ocrx_word' id='word_1_93' title='bbox 669 2267 883 2341; x_wconf 82' lang='lat' dir='ltr'><strong>uitale</strong></span> <span class='ocrx_word' id='word_1_94' title='bbox 921 2292 1149 2366; x_wconf 89' lang='lat' dir='ltr'><strong>neque</strong></span> <span class='ocrx_word' id='word_1_95' title='bbox 1193 2264 1545 2339; x_wconf 75' lang='lat' dir='ltr'><strong>testiculos</strong></span> <span class='ocrx_word' id='word_1_96' title='bbox 1586 2264 2021 2357; x_wconf 76' lang='lat' dir='ltr'><strong>manifestos,</strong></span> <span class='ocrx_word' id='word_1_97' title='bbox 2074 2261 2196 2337; x_wconf 87' lang='lat' dir='ltr'><strong>sed</strong></span> <span class='ocrx_word' id='word_1_98' title='bbox 2236 2262 2460 2338; x_wconf 85' lang='lat' dir='ltr'><strong>intus:</strong></span> <span class='ocrx_word' id='word_1_99' title='bbox 2514 2296 2646 2341; x_wconf 87' lang='lat' dir='ltr'><strong>ne-</strong></span> 
     </span>
     <span class='ocr_line' id='line_1_15' title="bbox 667 2398 2633 2500; baseline 0.003 -29"><span class='ocrx_word' id='word_1_100' title='bbox 667 2428 808 2500; x_wconf 88' lang='lat' dir='ltr'><strong>que</strong></span> <span class='ocrx_word' id='word_1_101' title='bbox 867 2400 1053 2495; x_wconf 82' lang='lat' dir='ltr'><strong>pilos</strong></span> <span class='ocrx_word' id='word_1_102' title='bbox 1069 2453 1090 2490; x_wconf 88' lang='lat'><strong><em>,</em></strong></span> <span class='ocrx_word' id='word_1_103' title='bbox 1141 2400 1266 2472; x_wconf 89' lang='lat' dir='ltr'><strong>sed</strong></span> <span class='ocrx_word' id='word_1_104' title='bbox 1315 2400 1552 2473; x_wconf 86' lang='lat' dir='ltr'><strong>omnia</strong></span> <span class='ocrx_word' id='word_1_105' title='bbox 1620 2398 1817 2471; x_wconf 86' lang='lat' dir='ltr'><strong>corio</strong></span> <span class='ocrx_word' id='word_1_106' title='bbox 1868 2424 2241 2497; x_wconf 69' lang='lat' dir='ltr'><strong>squarroso</strong></span> <span class='ocrx_word' id='word_1_107' title='bbox 2288 2420 2633 2498; x_wconf 81' lang='lat' dir='ltr'><strong>teguntur.</strong></span> 
     </span>
     <span class='ocr_line' id='line_1_16' title="bbox 665 2502 2640 2613; baseline 0.003 -11"><span class='ocrx_word' id='word_1_108' title='bbox 665 2534 1019 2611; x_wconf 79' lang='lat' dir='ltr'><strong>Omnibus</strong></span> <span class='ocrx_word' id='word_1_109' title='bbox 1056 2532 1297 2607; x_wconf 77' lang='lat' dir='ltr'><strong>serrati</strong></span> <span class='ocrx_word' id='word_1_110' title='bbox 1329 2502 1618 2613; x_wconf 31' lang='lat' dir='ltr'><strong>dentess</strong></span> <span class='ocrx_word' id='word_1_111' title='bbox 1690 2530 2052 2604; x_wconf 84' lang='lat' dir='ltr'><strong>Fluuiales</strong></span> <span class='ocrx_word' id='word_1_112' title='bbox 2083 2532 2427 2607; x_wconf 88' lang='lat' dir='ltr'><strong>crocodili</strong></span> <span class='ocrx_word' id='word_1_113' title='bbox 2456 2536 2640 2608; x_wconf 88' lang='lat' dir='ltr'><strong>suil-</strong></span> 
     </span>
     <span class='ocr_line' id='line_1_17' title="bbox 659 2650 2639 2781; baseline 0.004 -39"><span class='ocrx_word' id='word_1_114' title='bbox 659 2672 768 2749; x_wconf 82' lang='lat' dir='ltr'><strong>los</strong></span> <span class='ocrx_word' id='word_1_115' title='bbox 805 2669 1078 2747; x_wconf 80' lang='lat' dir='ltr'><strong>habent</strong></span> <span class='ocrx_word' id='word_1_116' title='bbox 1123 2667 1400 2777; x_wconf 73' lang='lat' dir='ltr'><strong>oculoS‚</strong></span> <span class='ocrx_word' id='word_1_117' title='bbox 1431 2664 1693 2781; x_wconf 27' lang='lat' dir='ltr'><strong>‘dentes</strong></span> <span class='ocrx_word' id='word_1_118' title='bbox 1724 2694 2011 2767; x_wconf 84' lang='lat' dir='ltr'><strong>magnos</strong></span> <span class='ocrx_word' id='word_1_119' title='bbox 2044 2689 2113 2741; x_wconf 82' lang='lat' dir='ltr'><strong>et</strong></span> <span class='ocrx_word' id='word_1_120' title='bbox 2151 2650 2447 2767; x_wconf 58' lang='lat' dir='ltr'><strong>esenos&#39;,</strong></span> <span class='ocrx_word' id='word_1_121' title='bbox 2506 2702 2639 2749; x_wconf 84' lang='lat' dir='ltr'><strong>vn-</strong></span> 
     </span>
     <span class='ocr_line' id='line_1_18' title="bbox 658 2786 2632 2916; baseline -0.001 -35"><span class='ocrx_word' id='word_1_122' title='bbox 658 2834 826 2909; x_wconf 81' lang='lat' dir='ltr'><strong>gues</strong></span> <span class='ocrx_word' id='word_1_123' title='bbox 873 2802 1178 2896; x_wconf 83' lang='lat' dir='ltr'><strong>validos,</strong></span> <span class='ocrx_word' id='word_1_124' title='bbox 1232 2802 1509 2875; x_wconf 86' lang='lat' dir='ltr'><strong>corium</strong></span> <span class='ocrx_word' id='word_1_125' title='bbox 1543 2803 2109 2905; x_wconf 84' lang='lat' dir='ltr'><strong>impenetrabile,</strong></span> <span class='ocrx_word' id='word_1_126' title='bbox 2162 2786 2632 2916; x_wconf 79' lang='lat' dir='ltr'><strong>squarrosum.</strong></span> 
     </span>
     <span class='ocr_line' id='line_1_19' title="bbox 657 2938 2636 3049; baseline 0 -34"><span class='ocrx_word' id='word_1_127' title='bbox 657 2942 812 3015; x_wconf 87' lang='lat' dir='ltr'><strong>Sub</strong></span> <span class='ocrx_word' id='word_1_128' title='bbox 841 2966 1026 3038; x_wconf 80' lang='lat' dir='ltr'><strong>aqua</strong></span> <span class='ocrx_word' id='word_1_129' title='bbox 1061 2940 1356 3011; x_wconf 87' lang='lat' dir='ltr'><strong>obscure</strong></span> <span class='ocrx_word' id='word_1_130' title='bbox 1373 2992 1393 3029; x_wconf 90' lang='lat'>,</span> <span class='ocrx_word' id='word_1_131' title='bbox 1439 2962 1632 3014; x_wconf 83' lang='lat' dir='ltr'><strong>extra</strong></span> <span class='ocrx_word' id='word_1_132' title='bbox 1666 2938 2058 3013; x_wconf 81' lang='lat' dir='ltr'><strong>acutissime</strong></span> <span class='ocrx_word' id='word_1_133' title='bbox 2082 2938 2353 3013; x_wconf 84' lang='lat' dir='ltr'><strong>vident:</strong></span> <span class='ocrx_word' id='word_1_134' title='bbox 2401 2943 2636 3049; x_wconf 75' lang='lat' dir='ltr'><strong>maxi-</strong></span> 
     </span>
     <span class='ocr_line' id='line_1_20' title="bbox 655 3073 2635 3173; baseline 0 -24"><span class='ocrx_word' id='word_1_135' title='bbox 655 3104 850 3149; x_wconf 86' lang='lat' dir='ltr'><strong>mam</strong></span> <span class='ocrx_word' id='word_1_136' title='bbox 886 3074 1102 3173; x_wconf 78' lang='lat' dir='ltr'><strong>igitur</strong></span> <span class='ocrx_word' id='word_1_137' title='bbox 1146 3073 1286 3147; x_wconf 89' lang='lat' dir='ltr'><strong>diei</strong></span> <span class='ocrx_word' id='word_1_138' title='bbox 1331 3096 1601 3173; x_wconf 82' lang='lat' dir='ltr'><strong>partem</strong></span> <span class='ocrx_word' id='word_1_139' title='bbox 1630 3076 1705 3147; x_wconf 88' lang='lat' dir='ltr'><strong>in</strong></span> <span class='ocrx_word' id='word_1_140' title='bbox 1739 3096 1921 3149; x_wconf 87' lang='lat' dir='ltr'><strong>terra</strong></span> <span class='ocrx_word' id='word_1_141' title='bbox 1958 3095 2204 3173; x_wconf 70' lang='lat' dir='ltr'><strong>agunt5</strong></span> <span class='ocrx_word' id='word_1_142' title='bbox 2258 3096 2475 3150; x_wconf 86' lang='lat' dir='ltr'><strong>noctu</strong></span> <span class='ocrx_word' id='word_1_143' title='bbox 2502 3079 2635 3149; x_wconf 87' lang='lat' dir='ltr'><strong>sub</strong></span> 
     </span>
     <span class='ocr_line' id='line_1_21' title="bbox 654 3208 2633 3312; baseline 0.002 -29"><span class='ocrx_word' id='word_1_144' title='bbox 654 3236 870 3310; x_wconf 62' lang='lat' dir='ltr'><strong>vatq-¹1:213</strong></span> <span class='ocrx_word' id='word_1_145' title='bbox 919 3234 1282 3310; x_wconf 78' lang='lat' dir='ltr'><strong>propterea</strong></span> <span class='ocrx_word' id='word_1_146' title='bbox 1315 3210 1515 3310; x_wconf 83' lang='lat' dir='ltr'><strong>quod</strong></span> <span class='ocrx_word' id='word_1_147' title='bbox 1548 3237 1627 3284; x_wconf 77' lang='lat' dir='ltr'><strong>ea</strong></span> <span class='ocrx_word' id='word_1_148' title='bbox 1654 3208 1955 3311; x_wconf 83' lang='lat' dir='ltr'><strong>tepidior</strong></span> <span class='ocrx_word' id='word_1_149' title='bbox 1984 3212 2107 3306; x_wconf 85' lang='lat' dir='ltr'><strong>sit,</strong></span> <span class='ocrx_word' id='word_1_150' title='bbox 2163 3240 2380 3312; x_wconf 78' lang='lat' dir='ltr'><strong>quam</strong></span> <span class='ocrx_word' id='word_1_151' title='bbox 2414 3214 2633 3311; x_wconf 83' lang='lat' dir='ltr'><strong>(sere-</strong></span> 
     </span>
     <span class='ocr_line' id='line_1_22' title="bbox 581 3344 1092 3442; baseline -0.004 -21"><span class='ocrx_word' id='word_1_152' title='bbox 581 3412 596 3421; x_wconf 85' lang='lat'><em>.</em></span> <span class='ocrx_word' id='word_1_153' title='bbox 647 3344 814 3442; x_wconf 80' lang='lat' dir='ltr'><strong>nus)</strong></span> <span class='ocrx_word' id='word_1_154' title='bbox 853 3372 996 3419; x_wconf 66' lang='lat' dir='ltr'><strong>aen·</strong></span> <span class='ocrx_word' id='word_1_155' title='bbox 1087 3400 1092 3405; x_wconf 81' lang='lat'>-</span> 
     </span>
     <span class='ocr_line' id='line_1_23' title="bbox 1051 3480 2235 3582; baseline -0.003 -27"><span class='ocrx_word' id='word_1_156' title='bbox 1051 3482 1112 3555; x_wconf 90' lang='lat' dir='ltr'>C</span> <span class='ocrx_word' id='word_1_157' title='bbox 1158 3481 1248 3553; x_wconf 84' lang='lat' dir='ltr'><strong>A.</strong></span> <span class='ocrx_word' id='word_1_158' title='bbox 1280 3480 1358 3554; x_wconf 90' lang='lat' dir='ltr'><strong>P.</strong></span> <span class='ocrx_word' id='word_1_159' title='bbox 1464 3480 1629 3555; x_wconf 83' lang='lat' dir='ltr'>VII.</span> <span class='ocrx_word' id='word_1_160' title='bbox 1732 3484 1973 3582; x_wconf 81' lang='lat' dir='ltr'><strong>(vulgo</strong></span> <span class='ocrx_word' id='word_1_161' title='bbox 2070 3480 2235 3576; x_wconf 87' lang='lat' dir='ltr'>XI.)</span> 
     </span>
     <span class='ocr_line' id='line_1_24' title="bbox 802 3612 2621 3717; baseline -0.001 -27"><span class='ocrx_word' id='word_1_162' title='bbox 802 3615 1362 3690; x_wconf 85' lang='lat' dir='ltr'><strong>Chamaeleontis</strong></span> <span class='ocrx_word' id='word_1_163' title='bbox 1411 3636 1639 3689; x_wconf 87' lang='lat' dir='ltr'><strong>totum</strong></span> <span class='ocrx_word' id='word_1_164' title='bbox 1670 3645 1793 3691; x_wconf 90' lang='lat' dir='ltr'><strong>cor</strong></span> <span class='ocrx_word' id='word_1_165' title='bbox 1796 3646 1927 3717; x_wconf 88' lang='lat' dir='ltr'><strong>pus</strong></span> <span class='ocrx_word' id='word_1_166' title='bbox 1952 3614 2193 3686; x_wconf 68' lang='lat' dir='ltr'><strong>lacerti</strong></span> <span class='ocrx_word' id='word_1_167' title='bbox 2233 3612 2459 3710; x_wconf 85' lang='lat' dir='ltr'><strong>specie</strong></span> <span class='ocrx_word' id='word_1_168' title='bbox 2492 3637 2621 3687; x_wconf 60' lang='grc' dir='ltr'><strong>ωτι</strong></span> 
     </span>
     <span class='ocr_line' id='line_1_25' title="bbox 645 3745 2623 3859; baseline -0.006 -30"><span class='ocrx_word' id='word_1_169' title='bbox 645 3770 876 3839; x_wconf 61' lang='lat' dir='ltr'><strong>costae</strong></span> <span class='ocrx_word' id='word_1_170' title='bbox 921 3752 1374 3851; x_wconf 76' lang='lat' dir='ltr'><strong>[vtrinque]</strong></span> <span class='ocrx_word' id='word_1_171' title='bbox 1423 3773 1748 3827; x_wconf 84' lang='lat' dir='ltr'><strong>coeuntes</strong></span> <span class='ocrx_word' id='word_1_172' title='bbox 1794 3746 2223 3823; x_wconf 79' lang='lat' dir='ltr'><strong>descendunt</strong></span> <span class='ocrx_word' id='word_1_173' title='bbox 2268 3774 2509 3859; x_wconf 24' lang='lat' dir='ltr'><strong>vsque&#39;</strong></span> <span class='ocrx_word' id='word_1_174' title='bbox 2533 3745 2623 3819; x_wconf 78' lang='lat' dir='ltr'><strong>ad</strong></span> 
     </span>
     <span class='ocr_line' id='line_1_26' title="bbox 646 3880 2621 3982; baseline -0.003 -21"><span class='ocrx_word' id='word_1_175' title='bbox 646 3887 974 3963; x_wconf 82' lang='lat' dir='ltr'><strong>infimum</strong></span> <span class='ocrx_word' id='word_1_176' title='bbox 1008 3908 1322 3965; x_wconf 82' lang='lat' dir='ltr'><strong>ventrem</strong></span> <span class='ocrx_word' id='word_1_177' title='bbox 1338 3942 1358 3978; x_wconf 90' lang='lat'>‚</span> <span class='ocrx_word' id='word_1_178' title='bbox 1392 3886 1571 3958; x_wconf 85' lang='lat' dir='ltr'><strong>sicut</strong></span> <span class='ocrx_word' id='word_1_179' title='bbox 1600 3885 1675 3957; x_wconf 88' lang='lat' dir='ltr'><strong>in</strong></span> <span class='ocrx_word' id='word_1_180' title='bbox 1706 3880 2035 3981; x_wconf 85' lang='lat' dir='ltr'><strong>piscibus.</strong></span> <span class='ocrx_word' id='word_1_181' title='bbox 2090 3883 2407 3955; x_wconf 84' lang='lat' dir='ltr'><strong>Dorsum</strong></span> <span class='ocrx_word' id='word_1_182' title='bbox 2432 3908 2621 3982; x_wconf 84' lang='lat' dir='ltr'><strong>quo-</strong></span> 
     </span>
     <span class='ocr_line' id='line_1_27' title="bbox 645 4004 2621 4124; baseline -0.002 -31"><span class='ocrx_word' id='word_1_183' title='bbox 645 4050 788 4122; x_wconf 76' lang='lat' dir='ltr'><strong>que</strong></span> <span class='ocrx_word' id='word_1_184' title='bbox 834 4004 1135 4124; x_wconf 86' lang='lat' dir='ltr'><strong>piscium</strong></span> <span class='ocrx_word' id='word_1_185' title='bbox 1169 4020 1385 4099; x_wconf 89' lang='lat' dir='ltr'><strong>modo</strong></span> <span class='ocrx_word' id='word_1_186' title='bbox 1421 4020 1711 4095; x_wconf 83' lang='lat' dir='ltr'><strong>eminet:</strong></span> <span class='ocrx_word' id='word_1_187' title='bbox 1734 4014 1971 4093; x_wconf 55' lang='lat' dir='ltr'><strong>facies</strong></span> <span class='ocrx_word' id='word_1_188' title='bbox 2002 4016 2370 4093; x_wconf 84' lang='lat' dir='ltr'><strong>simillima.</strong></span> <span class='ocrx_word' id='word_1_189' title='bbox 2402 4017 2467 4091; x_wconf 85' lang='lat' dir='ltr'><strong>ei</strong></span> <span class='ocrx_word' id='word_1_190' title='bbox 2494 4042 2621 4114; x_wconf 81' lang='lat' dir='ltr'><strong>ge-</strong></span> 
     </span>
    </p>
   </div>
  </div>
 </body>
</html>
