2917 4959
596 435 693 506 88
1193 422 1940 494 ARISTOTELIS

596 610 1001 714 praesertim
1028 634 1191 684 cum
1217 607 1431 707 prisci
1460 627 1771 681 auctores
1807 606 2078 705 aliquot
2119 605 2354 682 minus
2395 635 2562 686 vera

600 743 1055 847 prodiderint.
1142 741 1255 816 Ac
1282 768 1445 816 sane
1475 742 1616 816 hoc
1645 761 1722 818 vt
1747 739 2178 838 ignorarent,
2229 741 2394 816 fecit
2421 744 2566 817 ob-

600 907 800 955 scura
868 877 970 951 rei
1036 875 1428 950 difficultas.
1534 877 1722 951 Nam
1781 873 2175 973 potissimae
2223 875 2566 975 cuiusque

601 1039 813 1090 venae
844 1033 1091 1086 natura
1127 1011 1291 1084 latet
1320 1012 1397 1083 in
1424 1009 1840 1108 corporibus
1869 1006 2011 1083 vita
2042 1008 2333 1101 functis,
2383 1037 2566 1108 pro-

600 1167 833 1246 pterea
877 1143 1076 1245 quod
1128 1171 1246 1218 eae
1292 1165 1560 1244 praeter
1595 1164 1853 1218 ceteras
1901 1163 2191 1216 exeunte
2232 1144 2570 1240 sanguine

603 1276 975 1350 subsidunt
1018 1277 1247 1350 illico:
1298 1278 1566 1378 quippe
1611 1279 1700 1350 ab
1740 1277 1884 1348 illis
1916 1297 2248 1378 tanquam
2291 1275 2381 1350 de
2406 1303 2570 1352 vase

605 1410 993 1485 effunditur
1041 1413 1423 1487 vniuersus.
1505 1411 1602 1490 ,N
1604 1437 1782 1508 eque
1831 1409 2019 1482 enim
2059 1410 2204 1483 vlla
2255 1410 2574 1484 animalis

603 1572 767 1644 pars
818 1571 944 1642 per
980 1572 1066 1628 ,se
1113 1546 1335 1646 ipsam
1384 1545 1792 1644 sanguinem
1839 1540 2183 1646 possidet3
2253 1563 2574 1617 tantum-

602 1675 821 1750 modo
846 1676 1184 1776 quiddam
1216 1678 1293 1752 in
1318 1678 1528 1752 corde
1555 1677 1894 1778 pusillum
1927 1676 2134 1749 efficit
2149 1729 2170 1768 ‚
2221 1704 2311 1751 ne
2339 1679 2571 1751 omnis

584 1809 682 1884 in
721 1811 917 1888 venis
956 1805 1408 1888 contineatur.
1511 1811 1612 1886 At
1653 1814 1728 1886 in
1773 1810 2176 1887 viuentibus
2221 1811 2576 1909 quemad-

602 1943 901 2020 modum
943 1947 1109 2020 insit
1127 2001 1148 2040 ,
1201 1947 1400 2021 nullo
1434 1943 1867 2046 deprehendi
1903 1965 2107 2043 pacto
2143 1966 2399 2044 potest,
2453 1946 2575 2018 id-

604 2079 795 2152 circo
809 2133 831 2172 ,
884 2081 1051 2180 quia
1094 2079 1241 2154 eius
1282 2102 1527 2155 natura
1568 2080 1799 2154 abdita
1841 2099 1958 2151 est.
2063 2077 2300 2163 Quare
2336 2079 2464 2178 qui
2496 2079 2572 2150 in

605 2211 917 2288 dissectis
964 2213 1429 2290 cadaueribus¹
1462 2215 1754 2317 scrutati
1781 2233 1944 2285 sunt
1959 2265 1980 2304 ‚
2031 2211 2334 2286 maxima
2365 2213 2574 2310 prin-

602 2345 787 2442 cipia
820 2375 965 2420 non
994 2368 1159 2422 sunt
1202 2349 1507 2424 assecuti.
1617 2345 1764 2433 Qui
1793 2367 2024 2419 autem
2053 2346 2130 2418 in
2161 2343 2572 2422 hominibus

598 2478 823 2556 macie
852 2481 1213 2558 attenuatis
1241 2483 1684 2556 vehementer
1697 2533 1719 2572 ‚
1770 2505 2106 2554 venarum
2145 2479 2448 2578 origines
2485 2509 2574 2558 ex

506 2623 550 2686 3
604 2612 743 2688 illis
757 2667 781 2708 ‚
816 2641 995 2713 quae
1022 2635 1190 2686 tunc
1214 2593 1670 2714 apparebant,
1701 2611 2269 2688 determinarunt.
2335 2615 2570 2718 Syen-

602 2747 787 2820 nesis
808 2746 1103 2848 ‘quidem
1118 2803 1139 2842 ‚
1166 2747 1481 2824 medicus
1505 2747 1833 2851 Cyprius,
1863 2746 1964 2820 sic
1991 2747 2302 2848 scripsit:
2357 2749 2572 2830 (ξι-35η

605 2904 721 2950 sae
746 2907 963 2955 venae
990 2883 1083 2954 ita
1118 2911 1159 2954 a
1200 2903 1444 2956 natura
1489 2883 1900 2960 constitutae
1927 2902 2108 2956 sunt.
2206 2879 2327 2954 Ab
2361 2883 2575 2959 oculo

602 3038 825 3110 prope
872 3015 1119 3090 cilium
1164 3015 1304 3114 [ab
1346 3016 1678 3092 vmbilioo
1717 3015 1898 3092 circa
1939 3015 2222 3090 lumbos
2263 3017 2576 3102 Codices

604 3147 955 3249 quidam]
984 3179 1111 3249 per
1148 3149 1474 3241 dorsum,
1523 3149 1732 3224 iuxta·
1745 3149 2156 3246 pulmonem
2181 3152 2314 3224 suh
2341 3176 2576 3236 mam-2

601 3279 866 3375 millas;
890 3281 1131 3360 dextra
1156 3285 1233 3360 in
1251 3287 1522 3360 laeuam
1537 3339 1560 3378 ,
1593 3286 1790 3358 laeua
1811 3283 1892 3356 in
1917 3279 2265 3360 dextram:
2297 3286 2570 3364 sinistra

602 3435 728 3508 per
776 3413 967 3490 iecur
994 3417 1073 3494 in
1112 3446 1351 3494 renem
1392 3439 1464 3494 et
1500 3439 1776 3492 testem:
1827 3417 2065 3494 dextra
2095 3417 2172 3493 in
2201 3418 2456 3490 lienem
2499 3439 2572 3492 et

498 3558 549 3621 ’4
606 3570 843 3624 renem
864 3571 933 3624 et
960 3571 1234 3644 testem,
1280 3573 1491 3650 atque
1519 3550 1687 3628 inde
1720 3552 1796 3624 in
1825 3551 2134 3650 genitale-
2218 3549 2574 3648 Diogenes

598 3700 829 3758 autem
860 3681 1310 3783 Apolloniam
1340 3683 1512 3762 haec
1541 3687 1850 3786 scripsit:
1901 3683 2140 3758 Venae
2169 3681 2246 3758 in
2279 3681 2574 3761 homine

599 3813 701 3886 sic
744 3815 1023 3892 habent.
1122 3820 1325 3896 Duae
1366 3818 1706 3892 maximae
1753 3813 2050 3890 tendunt
2092 3841 2218 3914 per
2259 3839 2574 3894 ventrem

598 3945 790 4026 iuxta
810 3950 1024 4032 dorsi
1064 3951 1334 4056 spinam
1350 4005 1373 4048 ,
1422 3951 1637 4032 altera
1663 3952 2058 4030 laeuorsum
2073 4003 2095 4046 ‚
2149 3953 2359 4032 altera
2389 3951 2574 4066 dex-f
