2917 4959
642 513 788 584 456
1246 493 2023 573 ARISTOTELIS

646 727 790 773 non
835 721 917 768 ex
967 690 1213 791 thymo
1260 685 1528 757 sincero
1548 715 1604 772 ,f
1637 675 2167 754 commendatur
2227 672 2316 748 ad
2359 673 2611 750 oculos

646 854 715 908 ct
736 833 977 908 Vlcera.
1080 820 1315 895 Mellis
1344 815 1538 914 quod
1572 815 1804 886 minus
1839 813 2054 903 valet,
2101 809 2346 883 fluitat.
2445 807 2616 882 Hoc

548 1002 628 1048 22
644 982 915 1066 oponet
946 957 1207 1032 tollere.
1275 949 1498 1038 Quod
1531 947 1776 1045 purius
1808 966 1929 1036 est,
1969 941 2283 1018 subsidit.
2349 945 2620 1016 Erum-

638 1097 969 1202 pentihus
982 1087 1301 1178 floribuS,
1332 1080 1782 1178 (cumstirpcs
1809 1081 2057 1152 florent
2075 1073 2348 1169 Gaza‚)
2384 1099 2618 1148 ceram

536 1259 567 1284 ‘-
644 1225 1050 1306 conficiunt.
1150 1215 1427 1290 Idcirco
1456 1242 1539 1289 co
1565 1235 1878 1310 tempore
1907 1237 1990 1286 ex
2022 1213 2219 1288 alueo
2251 1204 2618 1284 eximenda

636 1391 804 1438 oera
836 1377 954 1432 est.
1020 1353 1269 1426 Statim
1288 1351 1478 1426 enim
1503 1366 1894 1446 operantur.
1943 1345 2136 1420 Haec
2163 1365 2346 1444 suut,
2384 1371 2426 1415 a
2459 1341 2618 1440 qui-

634 1501 783 1572 bus
836 1495 1085 1566 ferunt.
1221 1485 1585 1585 Thymum
1601 1537 1622 1575 ,
1717 1480 2061 1580 atractylis
2077 1534 2098 1572 ‚
2199 1477 2618 1565 mammam,

656 1623 1103 1729 asphodelu8‚
1184 1639 1457 1721 myrtus
1473 1671 1496 1709 ‚
1565 1614 1852 1713 phlcuS,
1945 1641 2194 1713 agnus,
2283 1629 2610 1710 spartum.

649 1765 839 1836 Cum
874 1757 1205 1859 thymum
1240 1751 1651 1841 elaborant,
1715 1775 1968 1846 aquam
2018 1750 2344 1836 miscent,
2395 1743 2612 1842 prius·-

640 1919 875 1996 quam
902 1890 1099 1962 fauos
1138 1886 1472 1960 oblinunt.
1573 1883 2026 1956 Excrementa
2075 1880 2416 1956 dejiciunt
2459 1903 2618 1978 apes

648 2053 897 2106 omnes
944 2046 1065 2098 aut
1109 2045 1409 2118 egressae
1454 2015 1636 2090 inter
1681 2013 2064 2090 volandum
2108 2035 2224 2088 aut
2261 2043 2482 2088 vnum
2540 2013 2622 2089 in

641 2167 919 2240 fauum.
1018 2158 1185 2230 Plus
1232 2151 1461 2256 operis
1503 2148 1888 2226 conficiunt
1925 2175 2176 2246 paruae
2226 2175 2442 2246 quam
2467 2173 2616 2226 mat-.-

642 2322 865 2396 gnac,
917 2312 993 2368 vt
1023 2289 1297 2364 dictum
1320 2307 1443 2361 απ.
1561 2283 1848 2359 Habent
1901 2283 2112 2379 igitur
2153 2283 2420 2356 alarum
2465 2308 2624 2357 oras

650 2427 933 2519 attritae,
982 2444 1051 2496 ct
1080 2409 1317 2494 colore
1344 2441 1495 2494 atro
1508 2437 1687 2493 ‚sunt
1715 2437 1921 2514 atque
1935 2418 2352 2496 obustulato.
2451 2415 2624 2492 Illae

646 2588 817 2638 vero
858 2555 1121 2632 nitidae
1166 2571 1234 2624 ct
1276 2549 1657 2624 sublustres
1672 2605 1692 2642 ‚
1757 2551 1936 2623 sicut
1975 2553 2299 2626 mulieres
2351 2553 2622 2626 otiosae.

554 2703 639 2768 23
652 2691 1013 2772 Videntur
1069 2713 1229 2785 apes
1270 2683 1603 2760 oblectari
1641 2683 1906 2782 plausu.
2029 2683 2258 2780 Igitur
2301 2708 2622 2760 testarum

642 2824 939 2919 strepitu
972 2845 1051 2892 ac
1073 2819 1333 2894 tinnitu
1362 2820 1538 2892 acris
1567 2817 1764 2893 aiunt
1797 2818 2201 2915 congregari
2228 2819 2302 2894 in
2327 2821 2621 2894 alueum.

644 2955 825 3031 -Non
853 2971 1116 3029 constat
1146 2973 1376 3030 tamen
1392 3007 1413 3044 ,
1469 2931 1746 3027 audiant
1777 2978 1904 3026 nec
1951 2977 2042 3024 ne
2064 3007 2084 3043 ‚
2137 2974 2345 3051 atque
2393 2973 2626 3028 Vtrum

646 3087 793 3162 hoc
822 3115 987 3187 prae
1016 3088 1371 3184 voluptate
1398 3113 1486 3158 an
1517 3111 1682 3183 prae
1711 3103 1906 3156 metu
1937 3085 2216 3184 faciant.
2332 3085 2632 3160 Mittunt

647 3221 729 3292 in
758 3219 1053 3294 exilium
1080 3242 1233 3294 tum
1264 3217 1648 3292 cessatrices
1685 3237 1839 3291 tum
1884 3219 2225 3319 prodigas.
2340 3222 2632 3321 Dispar-

650 3353 824 3427 titur
854 3377 1065 3424 suum
1094 3352 1353 3450 cuique
1392 3375 1689 3445 munuS,
1753 3373 1830 3426 vt
1877 3351 2292 3434 dicebamus,
2425 3357 2637 3432 Aliae

643 3487 797 3562 mel
824 3485 1083 3580 §Jaciunt
1099 3535 1122 3574 ,
1172 3484 1353 3557 aliae
1374 3485 1644 3558 foetum
1661 3538 1682 3578 ‚
1752 3485 1878 3558 alii
1907 3485 2273 3560 erithacen.
2407 3485 2484 3559 N
2483 3515 2634 3566 on-

651 3593 905 3696 nullae‘
926 3615 1288 3694 aedificant
1329 3617 1564 3694 fanos:
1631 3617 1906 3716 aliquae
1949 3619 2182 3690 ferunt
2231 3647 2488 3719 aquam
2553 3626 2630 3700 in

638 3756 861 3829 cellas
896 3778 979 3826 ac
1006 3748 1201 3824 melli
1230 3745 1650 3828 admiscent:
1703 3771 1960 3825 ceterae
1989 3748 2080 3856 ad
2098 3776 2278 3850 opus
2309 3773 2624 3852 pergunt.

637 3887 869 3962 :Mane
922 3884 1255 3981 tantisper
1298 3882 1506 3956 silent
1523 3936 1546 3974 ,
1635 3878 1808 3954 dum
1865 3909 2005 3958 vna
2068 3887 2385 3961 excitarit
2443 3886 2626 3968 edito

645 4043 1021 4096 murmure
1046 4016 1157 4090 bis
1190 4035 1309 4092 aut
1328 4036 1449 4090 ter.
1549 4014 1744 4090 Tum
1787 4041 1960 4094 vcro
1999 4018 2091 4094 ad
2127 4049 2307 4123 opus
2345 4043 2623 4100 cunetae
