2917 4959
625 525 767 596 DE
816 511 1287 592 ANIMA'L.
1338 507 1796 588 HIST.‘1X.
1853 521 1968 592 28.
2157 521 2296 592 441

344 739 429 788 ex
464 693 736 810 festucis
766 667 1073 782 collectis
1116 702 1466 802 (congerie
1521 699 1778 800 Gaza)
1823 723 1891 777 et
1938 723 2117 778 terra
2135 755 2156 796 ,
2221 704 2309 777 ab

343 873 486 924 vno
514 841 797 919 exordio
835 839 1143 937 singulos
1194 859 1524 937 tanquam
1567 837 1655 908 ab
1692 835 1944 910 radice.
2051 839 2310 914 cibum

342 998 626 1053 'sumunt
640 973 1022 1073 (carptim)
1051 999 1089 1044 a
1106 973 1399 1044 floribus
1416 989 1490 1043 et·
1497 970 1836 1042 fructibus
1866 971 2308 1070 quibusdam,

339 1113 733 1214 plurimum
758 1129 987 1182 autem
1017 1133 1102 1180 ex
1128 1104 1560 1178 animalibus.
1625 1107 1834 1177 visae
1851 1127 2010 1178 sunt
2034 1105 2313 1206 aliquae

341 1275 427 1322 ex
454 1244 695 1320 ceteris
741 1239 1224 1339 (mitioribus)
1265 1239 1476 1312 etiam
1529 1258 1872 1310 coeuntes.
1988 1240 2312 1312 Ceterum

342 1383 777 1455 aculeataene
811 1395 1032 1450 essent
1060 1375 1319 1469 ambae,
1368 1401 1456 1452 an
1485 1395 1668 1446 non:
1719 1395 2052 1448 earumue
2079 1371 2312 1466 altera,

344 1543 474 1591 nec
517 1543 643 1608 ne,
710 1508 1027 1587 nondum
1084 1529 1523 1622 perspectum
1569 1527 1686 1580 est.
1802 1506 1984 1580 Fero
2027 1533 2316 1607 quoque

342 1651 421 1723 in
448 1675 695 1750 genere
718 1667 1041 1722 coeuntes
1074 1642 1590 1718 animaduersae
1620 1663 1782 1716 sunt
1798 1697 1819 1736 ,
1869 1669 2178 1741 quarum·
2205 1644 2316 1716 al-

344 1807 491 1858 tera
534 1786 776 1858 aculeo
820 1801 1078 1856 armata
1125 1799 1336 1853 esset:
1402 1776 1492 1852 de
1522 1779 1733 1852 altera
1763 1806 1906 1851 non
1938 1780 2312 1852 constabat.

342 1921 597 1995 Foetus
628 1937 861 1992 tamen
888 1943 1032 1990 non
1068 1912 1347 1990 videtur
1386 1939 1472 1987 ex
1513 1931 1720 2010 partu
1755 1911 2106 2012 procreari
2120 1967 2141 2005 ‚
2193 1911 2316 1984 sed

341 2053 576 2128 statim
602 2051 827 2124 maior
847 2077 1007 2144 esse,
1058 2075 1273 2148 quam
1300 2067 1375 2122 vt
1398 2069 1646 2143 vespae
1662 2043 1752 2117 sit
1767 2065 2022 2144 partuS.
2126 2047 2314 2122 Cor-

340 2209 611 2286 reptam
638 2183 936 2284 pedihus
954 2209 1234 2281 vespam
1260 2181 1319 2254 si
1348 2179 1510 2281 quis
1532 2181 1905 2280 permittat,
1954 2202 2031 2257 vt
2061 2203 2317 2282 strepat
2359 2194 2368 2207 '

345 2325 509 2417 alise,
562 2347 680 2394 eae
708 2343 889 2418 quae
918 2317 1157 2394 aculeo
1189 2337 1456 2410 carent,
1548 2313 1912 2390 aduolant:
1978 2319 2318 2394 aculeatae

344 2483 515 2532 vero
542 2417 699 2528 non·
729 2451 1076 2527 aduolant.
1206 2450 1367 2540 Qua
1410 2471 1718 2526 vmntur·
1745 2451 2138 2526 coniectura
2153 2507 2174 2545 ‚
2205 2441 2212 2450 ’
2245 2473 2319 2528 vt

342 2591 507 2664 illae
563 2588 905 2662 foeminae
942 2587 1080 2660 sint
1093 2642 1116 2679 ‚
1194 2585 1275 2658 hi
1314 2612 1558 2658 mares.
1691 2585 1776 2658 In
1827 2587 2039 2659 antris
2089 2585 2320 2661 hieme

342 2725 715 2825 capiuntur
756 2719 1097 2820 quaedam
1156 2721 1536 2794 aculeatae:
1621 2717 1964 2817 quaedam
2017 2740 2320 2793 carentes

349 2862 607 2934 aculeo.
710 2856 895 2930 Sunt
916 2879 1097 2954 quae
1122 2827 1433 2952 resparia
1454 2853 1678 2950 (fanos
1697 2853 2070 2952 Scaliger)
2103 2881 2321 2953 parua

330 3005 419 3069 ‘et
448 3019 667 3092 pauca
691 2987 1029 3064 condant:
1094 2987 1266 3062 aliae
1310 2989 1520 3086 plura
1565 3009 1632 3062 et
1669 2979 2031 3088 ampliora.
2152 2987 2323 3062 Ma-

348 3153 483 3227 gna
550 3149 711 3222 pars
784 3123 1157 3198 matricum
1220 3123 1492 3221 capitur
1552 3151 1594 3197 a
1686 3123 1980 3198 solstitio
2053 3124 2323 3222 (vulgo

346 3257 765 3362 procedente
801 3259 1011 3349 anno)
1056 3257 1238 3330 circa
1290 3259 1533 3333 vlmos.
1647 3257 1928 3360 Legunt
1970 3259 2158 3336 enim
2203 3262 2323 3336 vi-

335 3395 541 3471 ·scida
583 3416 650 3469 et
693 3417 1072 3494 gummosa.
1194 3389 1572 3466 Matricum
1629 3417 2012 3498 prouentus
2058 3397 2322 3470 alicubi

350 3531 509 3623 fuit,
547 3557 710 3602 cum
740 3554 923 3602 anno
951 3526 1309 3626 superiore
1323 3512 1690 3625 vesparum
1718 3529 2104 3631 frequentia
2137 3531 2324 3602 fuis-

354 3683 456 3734 set
482 3682 551 3734 et
578 3663 929 3737 imbrium.
1032 3663 1425 3762 capiuntur
1450 3661 1624 3736 locis
1669 3667 2057 3764 praeruptis
2104 3686 2172 3738 et
2215 3667 2322 3739 ri·-

356 3796 491 3871 mis
530 3817 753 3868 terrae
794 3798 1018 3872 rectis.
1150 3796 1387 3897 Atque
1426 3825 1666 3872 omnes
1706 3797 2320 3896 deprehenduntur

360 3955 505 4005 esse
538 3929 846 4004 aculeati.
945 3929 1137 4007 Haec
1164 3959 1531 4032 vesparum
1568 3931 1744 4006 ratio
1787 3951 1905 4005 est.
