2917 4959
698 481 820 540 480
944 471 1372 538 ALBERTI
1454 467 2441 543 COGNOMl-NE-MAGNI

694 645 893 707 fuerit
938 645 1135 705 forma
1171 642 1461 718 subiecti,
1507 639 1846 702 secundum
1893 644 2068 706 cuius
2109 665 2238 706 esse
2283 657 2373 708 est
2411 659 2478 710 et
2515 651 2689 715 inest

697 744 979 826 potentia
998 741 1325 804 naturalis:
1356 751 1423 802 et
1442 741 1587 802 ideo
1617 741 1982 823 vegetabilis
2005 744 2072 802 in
2097 748 2482 812 sensibilibus
2509 753 2690 812 elai·-

702 855 903 925 gatam
932 843 1119 902 habet
1142 840 1484 920 potentiam
1504 885 1522 915 ,
1565 849 1634 900 et
1661 841 1965 904 sensibilis
1999 853 2062 903 et
2091 849 2454 925 vegetabilis
2485 851 2556 910 in
2579 873 2688 913 ra-

694 941 979 1002 tionabili
1002 940 1381 1022 largissimae
1400 957 1560 1018 quae
1587 939 1925 999 secunaum
1951 950 2244 1004 naturam
2271 965 2401 1006 esse
2424 961 2686 1028 possunt

694 1051 839 1100 sunt
865 1041 1199 1120 potentiae.
1258 1038 1343 1099 Et
1370 1037 1494 1098 hoc
1525 1049 1621 1098 est
1644 1040 1810 1117 quod
1837 1041 2084 1118 quidem
2116 1064 2151 1103 a
2179 1047 2400 1105 multis
2429 1049 2684 1128 dicitur,

690 1141 800 1200 sed
828 1140 996 1202 forte
1022 1157 1153 1198 non
1177 1157 1216 1198 a
1252 1137 1468 1197 multis
1497 1137 1903 1217 intelligitur,
1945 1143 2106 1221 quod
2143 1145 2440 1225 quicquid
2468 1159 2686 1228 potest

690 1241 975 1320 potentia
1004 1237 1273 1297 inferior
1288 1279 1305 1312 ,
1344 1247 1556 1316 potest
1569 1263 1578 1278 ·
1591 1249 1655 1298 et
1683 1238 1972 1317 superior
2003 1243 2390 1306 excellenter
2421 1257 2486 1306 et
2521 1251 2682 1310 euni.

636 1381 643 1386 -
692 1348 939 1402 uenter.
1024 1335 1203 1400 Patet
1230 1337 1427 1416 igitur
1455 1359 1538 1398 ex
1561 1339 1846 1399 omnibus
1867 1340 2202 1417 praedictis
2229 1361 2357 1404 non
2383 1347 2586 1407 solum
2610 1350 2678 1410 in

698 1437 1045 1508 adiectione
1071 1435 1345 1495 rationis:
1358 1455 1488 1498 esse
1518 1438 1834 1498 hominem
1867 1441 2382 1516 perfectissimum
2397 1487 2416 1520 ,
2445 1450 2558 1508 sed
2581 1457 2676 1508 et-

664 1540 825 1598 -iam
862 1537 935 1597 in
982 1535 1266 1595 omnibus
1312 1539 1610 1615 potentiis
1659 1547 1725 1596 et
1767 1537 1955 1600 modo
1987 1542 2366 1620 operationis
2398 1547 2678 1608 omnium

596 1635 637 1695 6
694 1637 1117 1722 potentiarum
1144 1644 1271 1695 tam
1302 1635 1606 1696 sensibilis
1638 1653 1818 1716 quam
1851 1640 2190 1702 rationalis.
2241 1641 2338 1702 Ex
2365 1643 2545 1704 dictis
2573 1655 2680 1706 ta-

692 1755 839 1797 men
880 1735 1085 1793 oritur
1110 1735 1413 1812 quaestio:
1456 1735 1746 1812 quoniam
1783 1736 1953 1802 visus
1983 1749 2050 1798 et
2073 1739 2368 1802 odoratus
2397 1753 2460 1804 et
2489 1745 2680 1806 audi-

690 1847 795 1898 tus
834 1844 897 1893 ct
924 1819 1167 1894 caetera
1195 1833 1546 1893 huiusmodi
1573 1843 1718 1894 sunt
1745 1837 2060 1914 potentiae
2089 1841 2386 1920 quaedam
2413 1845 2681 1906 sensibi-

688 1938 773 1996 lis
814 1935 1089 1993 animaez
1126 1941 1187 1992 et
1219 1932 1448 1992 scimus
1487 1933 1680 1993 linces
1708 1936 1930 1995 melius
1957 1938 2209 2015 videre,
2249 1963 2435 2020 qnam
2471 1923 2683 2004 homi-

692 2053 866 2110 nem,
910 2033 1194 2093 vultures
1219 2043 1425 2094 autem
1453 2034 1732 2095 melioris
1763 2053 1896 2094 esse
1927 2039 2233 2113 odoratus,
2291 2053 2354 2100 et
2383 2044 2684 2106 similiter

697 2153 879 2194 canes
926 2141 989 2192 et
1022 2129 1323 2209 quaedam
1366 2133 1658 2194 animalia
1695 2136 1863 2196 forte
1905 2136 2147 2196 melius-
2167 2138 2453 2201 audiunt.
2540 2141 2686 2202 Hoc

614 2263 619 2268 ·
695 2245 907 2296 autem
928 2229 1099 2312 quod
1124 2229 1448 2290 inductum
1481 2243 1607 2307 est,
1643 2253 1772 2292 non
1799 2241 2022 2301 obstat.
2085 2237 2310 2297 Videre
2339 2239 2512 2298 enim
2543 2260 2686 2299 me-

690 2334 845 2404 lius,
906 2340 974 2389 et
1018 2329 1281 2390 odorare
1321 2341 1386 2390 et
1424 2332 1642 2393 audire
1681 2334 1904 2394 melius
1920 2379 1939 2412 ,
1979 2337 2314 2416 dupliciter
2355 2338 2683 2400 dicuutur.

688 2429 914 2492 Helius
942 2430 1108 2486 enim
1140 2428 1398 2488 videtur·
1430 2431 1594 2509 quod
1623 2435 1860 2494 acutius
1889 2436 2030 2496 visu
2061 2437 2401 2516 accipitur:
2440 2446 2508 2496 et
2537 2439 2681 2498 talis

690 2528 975 2612 potentia
1002 2525 1173 2586 visus
1213 2535 1306 2588 est
1348 2545 1429 2586 ex
1465 2531 1900 2606 complexione
1941 2534 2161 2614 organi
2188 2535 2542 2612 corporalis
2557 2581 2574 2612 ,
2609 2535 2676 2596 in

694 2651 823 2712 quo
862 2635 955 2689 est
978 2627 1180 2688 visun:
1222 2634 1286 2685 et
1317 2624 1437 2685 hoc
1481 2627 1662 2686 modo
1693 2629 1856 2689 nihil
1893 2635 2192 2710 prohibet
2215 2634 2518 2714 quaedam
2541 2634 2678 2692 ani-

696 2729 886 2792 malia
910 2725 1219 2788 acutiores
1250 2726 1542 2806 quosdam
1572 2745 1784 2787 sensus
1817 2727 2050 2790 habere
2065 2773 2083 2805 ,
2139 2751 2324 2810 quam
2353 2732 2538 2792 homo
2562 2734 2676 2792 ha-

692 2833 857 2892 beat.
926 2825 1175 2886 Dicitur
1198 2827 1349 2885 item
1378 2827 1602 2886 melius
1625 2827 1844 2889 videre
1875 2829 2171 2889 nobiliori
2201 2831 2300 2890 vti
2323 2833 2462 2890 visu
2476 2873 2495 2905 ,
2533 2831 2674 2891 siue

692 2928 860 3010 quod
890 2935 987 2988 est
1007 2926 1299 3006 largioris
1324 2927 1642 3007 potentiae
1670 2947 1861 3007 super
1885 2928 2204 3007 quodlibet
2227 2929 2572 2990 obiectum:
2611 2939 2676 2990 et

690 3027 815 3091 hoc
860 3025 1041 3088 modo
1084 3026 1321 3106 largior
1360 3035 1455 3084 est
1495 3025 1665 3086 visus
1709 3025 2252 3105 disciplinabiliter
2299 3029 2674 3090 differentias

656 3149 663 3156 ·
692 3131 795 3191 rei
830 3127 1150 3203 nuntians,
1217 3143 1399 3203 quam
1440 3125 1555 3184 ille
1593 3125 1700 3202 qui
1735 3124 2112 3187 sensibiliter
2151 3138 2388 3188 tantum
2429 3132 2677 3190 nuntiat

692 3227 971 3288 easdem:
1016 3233 1079 3284 et
1110 3224 1199 3283 sic
1228 3221 1417 3284 bomo
1442 3223 1630 3284 habet
1655 3225 1860 3282 visum
1897 3234 1961 3285 et
1989 3227 2274 3286 similiter
2305 3227 2582 3286 auditum
2613 3239 2676 3288 et

688 3327 847 3390 alios
880 3343 1095 3383 sensus
1109 3365 1128 3398 ,
1166 3323 1273 3400 qui
1298 3323 1366 3380 in
1406 3323 1545 3400 ipso
1577 3335 1720 3383 sunt
1761 3323 2143 3406 principium
2181 3335 2244 3385 et
2277 3330 2676 3407 experimen-

688 3436 826 3488 tmn
868 3423 1205 3483 memoriae
1238 3431 1302 3482 et
1330 3423 1710 3486 Vniuersslis
1739 3433 1804 3482 et
1835 3425 1986 3486 artis
2007 3435 2070 3484 et
2093 3427 2412 3486 scientiae:
2455 3445 2674 3500 secun-

692 3527 839 3587 dum
864 3543 1049 3605 quem
1090 3522 1668 3583 modummuimalia
1709 3525 1880 3586 nulla
1910 3535 2160 3604 praeter
2187 3523 2502 3583 hominem
2531 3546 2676 3588 sen-

690 3626 863 3688 sibus
895 3631 1171 3684 vinctor.
1254 3619 1441 3710 l'atet·
1462 3643 1612 3702 ergo
1637 3622 1806 3700 quod.
1837 3623 2106 3682 diximus
2123 3665 2142 3695 ‚
2181 3621 2347 3701 quod
2372 3622 2680 3684 videlicet

690 3721 1211 3805 perfectissimum
1236 3719 1598 3782 animalium
1627 3721 1746 3795 est,
1769 3719 1934 3782 cuius
1959 3721 2160 3780 omnis
2185 3720 2424 3782 animae
2452 3733 2680 3800 poten-

692 3823 783 3895 tia
822 3833 917 3883 est
944 3821 1275 3883 secundum
1302 3837 1433 3880 esse
1475 3831 1732 3880 natm-ae
1765 3816 2098 3900 separatae,
2137 3833 2200 3882 et
2229 3820 2370 3880 ideo
2399 3821 2678 3882 diximus

694 3921 765 3986 in
811 3921 1180 3982 antehabitis
1225 3919 1403 3982 huius
1446 3919 1766 3995 scientiae,
1857 3921 2022 3998 quod
2075 3921 2261 3980 homo
2305 3940 2430 3979 non
2467 3923 2678 3982 solum

694 4021 987 4104 specifica
1010 4020 1357 4082 differentis
1396 4018 1606 4081 differt
1633 4019 1712 4082 ab
1743 4019 1882 4082 aliis
1911 4021 2276 4082 animalibus
2289 4065 2310 4101 ,
2351 4023 2466 4086 sed
2489 4027 2678 4086 etiam
