2917 4959
573 438 667 509 58
1165 426 1937 505 ARISTOTELIS

571 648 711 721 que
749 620 1002 697 densus
1048 640 1178 715 est3
1230 634 1299 686 at
1345 614 1424 685 in
1476 615 1787 689 cauernis
1831 614 1973 690 illis
2020 612 2225 687 nerui
2270 616 2553 690 insunt.

471 767 514 809 ²
572 752 685 829 Ae
718 776 936 829 cetera
970 752 1256 853 quidem
1287 754 1648 845 animalia,
1698 750 1957 851 quibus
2000 770 2235 865 pectus
2267 770 2403 845 est,
2456 750 2563 825 in-

570 888 716 960 eius
743 882 978 959 medio
1007 912 1130 961 eor
1161 888 1373 960 situm
1395 886 1690 981 habent,
1710 912 1889 961 vnus
1918 884 2183 959 homo'
2162 913 2241 957 m
2268 904 2552 983 partem‘

567 1018 950 1092 sinisterior
949 1046 1062 1093 em
1123 1022 1477 1121 aliquanto
1540 1050 1579 1095 a
1639 1019 1989 1093 diuisione
2033 1018 2538 1091 mamillarum.

568 1151 692 1249 qui
697 1178 833 1249 ppe
864 1153 1132 1231 laeuam
1165 1184 1540 1231 mammam
1582 1180 1818 1231 versus
1847 1152 2147 1250 pectoris
2178 1151 2540 1249 superiora

567 1284 906 1360 obtinens·
1012 1290 1158 1363 Cor
1205 1316 1432 1389 neque
1466 1316 1797 1386 magnum
1829 1306 1929 1368 est
1964 1312 2187 1385 neque
2220 1286 2536 1383 longum,

567 1415 690 1490 sed
737 1421 1106 1497 rotundius
1121 1476 1143 1513 ‚
1207 1423 1304 1495 ita
1340 1442 1567 1494 tamen
1582 1474 1607 1513 ,
1654 1442 1732 1495 vt
1776 1421 2188 1493 turbinetnr.
2290 1418 2538 1516 Igitur,

567 1552 670 1624 vti
706 1578 915 1651 supra
949 1554 1294 1648 diximus,
1345 1554 1537 1626 sinus
1578 1553 1787 1626 habet
1814 1572 1987 1625 tres:
2038 1550 2425 1625 matimum
2461 1551 2541 1623 in
2574 1617 2579 1626 .

566 1705 764 1781 parte
793 1683 1495 1782 dextra,·minimum
1526 1688 1601 1759 in
1636 1686 1912 1759 sinistra
1928 1739 1949 1778 ,
2000 1681 2349 1758 ian-medio
2380 1708 2558 1760 me-.

561 1814 894 1893 diocrem.
993 1822 1164 1897 Duo
1209 1822 1516 1896 minores
1560 1824 1767 1895 ambo
1798 1820 1876 1893 in
1902 1820 2315 1917 pulmonem
2343 1818 2541 1893 fora·-

562 1952 875 2027 minibus
917 1955 1273 2050 feruntur-3
1321 1953 1399 2027 id
1439 1954 1636 2055 quod
1677 1956 1756 2028 in
1785 1979 1927 2030 vno
1972 1974 2257 2051 apparet
2284 1951 2541 2026 ·mani-

463 2088 508 2151 3
553 2084 737 2160 -feste
753 2143 773 2181 ‚
825 2090 946 2165 vbi
991 2090 1283 2163 inferius
1323 2089 1731 2164 annectitur.
1835 2086 2091 2161 Haeret
2136 2086 2353 2184 igitur
2400 2110 2534 2182 ap-

564 2247 1000 2322 pensumque
1021 2244 1120 2297 est
1133 2250 1346 2299 venae
1370 2250 1655 2322 magnae
1672 2248 1865 2295 secus
1880 2221 2117 2293 sinum
2128 2217 2555 2311 maximum,

564 2352 656 2425 ad
712 2382 924 2451 quam
971 2382 1222 2430 venam
1281 2359 1490 2431 etiam
1533 2357 1708 2429 iacet
1748 2348 2272 2427 mesen‘terium:
2348 2352 2540 2426 iuxta

565 2510 736 2560 vero
769 2486 1006 2561 sinum
1035 2488 1351 2561 medium
1381 2497 1613 2562 a'ortae
1642 2514 1993 2560 annexum
2034 2505 2155 2557 est.
2258 2484 2536 2559 Meatus

566 2640 801 2694 autem
817 2678 838 2717 ,
894 2619 1020 2721 qui
1053 2648 1094 2693 a
1121 2618 1336 2695 corde
1361 2619 1437 2693 in
1468 2619 1882 2719 pulmonem
1914 2621 2149 2693 serunt
2162 2674 2183 2712 ,
2226 2618 2281 2689 ii
2314 2640 2383 2691 et
2408 2646 2537 2694 eo-

567 2753 733 2827 dem
764 2755 1180 2830 scinduntur
1211 2754 1428 2829 modo
1445 2808 1468 2846 ,
1520 2780 1666 2853 quo
1693 2752 1974 2847 arteria,
2022 2774 2095 2828 et
2124 2754 2420 2829 arteriae·
2438 2755 2535 2826 fi·-

567 2888 784 2961 stulas
846 2909 1071 2963 totum
1131 2916 1260 2987 per
1307 2888 1724 2986 pulmonem
1773 2907 2252 2987 assequuntur.
2353 2887 2537 2973 Sunt

567 3019 802 3095 au‘tem
826 3023 902 3095 in
940 3043 1133 3123 parte
1163 3019 1396 3096 cordis
1416 3022 1797 3122 superiore.
1824 3070 1831 3077 -
1880 3021 2134 3121 Neque
2160 3046 2328 3096 vero
2352 3048 2537 3098 vnus

566 3157 961 3231 communis
991 3177 1127 3249 est,
1196 3153 1320 3229 sed
1353 3154 1541 3228 inter«
1564 3180 1637 3229 se
1662 3152 1965 3253 coaptati
1996 3155 2345 3255 recipiunt
2378 3155 2536 3255 spi-

565 3288 785 3364 ritum
799 3345 820 3384 ‚
873 3318 1089 3391 quem
1154 3288 1244 3363 ad
1281 3312 1432 3366 -cor
1492 3287 1989 3361 transmittunt.
2091 3288 2299 3365 Alter
2342 3290 2553 3364 enim-

472 3490 484 3505 ,
562 3442 918 3499 meatuum
941 3424 1016 3496 in
1046 3420 1372 3497 dextrum
1399 3421 1670 3515 sinum,
1704 3420 1878 3495 alter
1906 3422 1981 3495 in
2006 3420 2365 3495 sinistrum
2394 3421 2549 3495 fer··

561 3573 699 3629 tur.
799 3555 912 3629 De
960 3582 1209 3655 magna
1241 3582 1409 3632 vero
1453 3582 1629 3633 vena
1663 3555 1895 3657 deque
1940 3574 2133 3631 aorta
2164 3553 2529 3629 communi

464 3700 508 3761 4
562 3692 1146 3767 commentatione
1191 3692 1320 3765 buo
1365 3692 1527 3765 loeo
1556 3710 1796 3790 postea
1826 3670 2156 3765 dicemus·
2254 3690 2530 3765 Eorum

560 3822 1021 3915 animantium
1036 3880 1058 3919 ,
1091 3852 1272 3927 quae
1301 3846 1370 3901 et
1397 3825 1808 3925 pulmonem
1838 3820 2101 3897 hahent
2114 3877 2136 3918 ‚
2176 3846 2243 3903 et
2272 3823 2533 3898 animal

559 3970 704 4041 tam
721 3957 916 4047 *intra
930 3986 1004 4035 se
1025 3988 1246 4062 quam
1271 3956 1799 4061 extrapariunt,
1827 3956 2112 4031 nullum
2124 3958 2525 4035 membrum
2566 4014 2575 4023 ·
