2917 4959
612 507 759 576 270
1208 477 1984 548 ARISTOTELIS

606 668 767 767 plus
812 664 889 736 in
936 685 1255 734 venerem
1288 684 1635 761 vrgentur.
1738 665 1978 764 Equae
2021 665 2231 739 etiam
2269 693 2436 741 cum
2479 691 2596 744 at·-

608 796 1007 889 tondentur,
1060 819 1300 870 earum
1328 797 1628 898 impetus
1657 797 2050 891 cohibetur,
2099 821 2170 873 et
2205 804 2438 878 fronte
2469 806 2600 878 tri·

508 969 545 1030 ⁷
616 932 809 1008 stim-i
848 934 1046 1004 fiunt.
1148 929 1470 1006 Armene
1514 933 1625 1008 sui
1671 955 2018 1008 consona
2049 915 2345 1010 feniinas
2373 933 2600 1016 odore

604 1069 1026 1169 dignoscunt
1052 1065 1218 1165 equi
1233 1121 1255 1159 ‚
1294 1065 1506 1140 etiam
1520 1122 1540 1159 ,
1587 1069 1646 1140 si
1675 1093 1930 1166 paucos
1961 1089 2230 1142 tantum
2261 1070 2411 1146 dies
2431 1093 2600 1148 ante

602 1205 827 1279 coitus
870 1223 1142 1298 tempus
1186 1227 1323 1274 vna
1365 1200 1669 1294 fuerint3
1737 1229 1909 1302 quas
1925 1255 1946 1296 ,
2011 1201 2071 1274 si
2113 1229 2188 1276 se
2235 1233 2400 1279 cum
2437 1207 2594 1278 aliis

604 1335 1193 1426 commiscuerint,
1230 1335 1331 1433 (ai
1358 1357 1528 1404 cum
1565 1337 1748 1404 aliis
1772 1337 2090 1408 coierint
2103 1333 2168 1430 ?)
2197 1365 2440 1414 morsu
2467 1365 2598 1412 εχ...

601 1473 906 1574 pellunt‚
980 1469 1449 1568 segregatique
1493 1489 1908 1566 pascuntur,
1975 1495 2132 1542 suas
2165 1473 2430 1572 quique
2460 1472 2599 1546 ha·-

600 1612 852 1684 bentoe.
958 1603 1291 1678 Tricenae
1322 1620 1441 1674 aut
1471 1603 1683 1699 paulo
1711 1603 1962 1701 plurae-
1981 1604 2276 1702 singulis
2309 1607 2589 1682 dantur.

602 1739 818 1832 Quod
864 1739 923 1810 si
958 1765 1107 1812 mas
1150 1736 1403 1835 aliquia
1434 1734 1744 1829 accedat,
1795 1759 2060 1812 coactas
2095 1737 2174 1812 in
2215 1767 2434 1815 vnum
2463 1742 2590 1817 vbi

601 1875 927 1950 ambierit
968 1899 1175 1946 cursu
1190 1926 1213 1965 ,
1264 1869 1578 1946 adoritur
1623 1865 2030 1972 oppugnare
2071 1875 2430 1949 aemulum
2443 1930 2465 1970 ‚
2519 1896 2592 1950 et

603 2037 687 2086 ex
718 2007 991 2108 agmine
1020 2033 1199 2108 quae
1224 2031 1297 2080 se
1321 2007 1626 2082 mouerit
1640 2060 1661 2100 ,
1691 2033 1933 2082 morou
1959 2008 2250 2084 inhibet.
2307 2009 2588 2084 Taurus

595 2165 829 2220 autem
880 2141 1251 2243 appetente‘
1282 2142 1508 2214 coims
1545 2161 1855 2242 tempore
1892 2143 2218 2217 armentis
2251 2169 2590 2242 aggrega-

594 2301 734 2372 tur,
786 2303 1231 2377 pugnamque
1273 2275 1520 2350 ceteris
1561 2277 1714 2348 ciet.
1813 2275 1915 2350 At
1945 2297 2144 2351 antea
2195 2276 2408 2351 simul
2453 2278 2587 2353 de-

594 2433 765 2511 gunt
792 2411 961 2510 ipsi3
1014 2408 1089 2483 id
1116 2409 1313 2510 quod
1341 2410 1594 2483 Gracci
1616 2407 2133 2507 α’τιμαγελεῖν,
2171 2438 2298 2486 nos
2331 2439 2584 2511 possu-

592 2572 752 2618 mus
778 2543 1009 2619 dicere
1048 2543 1383 2646 segregari
1413 2543 1525 2619 vel
1561 2545 2034 2618 exarmentari.
2139 2545 2366 2646 Saepe
2393 2547 2597 2632 enim,

594 2707 892 2756 numero
926 2680 1264 2780 Epirotici
1294 2698 1433 2754 tres
1467 2703 1738 2752 menses
1771 2699 1949 2753 totos
1981 2705 2128 2754 non
2153 2703 2575 2782 comparent.

591 2815 921 2914 Denique
952 2815 1295 2888 siluestria
1338 2816 1451 2890 vel
1483 2813 1719 2888 omnia
1749 2811 1858 2888 vel
1888 2813 2195 2911 plurima
2235 2837 2386 2891 ante
2415 2816 2574 2891 coi-

590 2969 703 3020 tus
731 2971 1005 3047 tempus
1050 2975 1194 3022 non
1228 2969 1518 3026 vtuntur
1547 2949 1904 3023 communi
1947 2977 2112 3022 cum
2148 2951 2424 3026 feminis
2451 2979 2576 3054 pa-

586 3108 793 3155 scuo:
827 3082 948 3156 sed
980 3111 1223 3179 mares,
1260 3110 1428 3156 cum
1456 3083 1890 3160 adoleuerint
1903 3141 1924 3182 ,
1961 3109 2422 3186 segregantur,
2465 3108 2588 3161 at-·

586 3239 727 3313 que
776 3219 1064 3291 seorsim
1112 3247 1153 3290 a
1211 3217 1488 3290 feminis
1537 3215 1817 3316 degunt.
1917 3221 2200 3297 Scrofae
2261 3247 2573 3320 quoque,

582 3375 748 3421 cum
778 3351 1050 3424 veneris
1082 3350 1349 3448 impetu
1386 3349 1857 3445 adiciuntur,
1908 3351 1983 3426 id
2011 3355 2258 3428 subare
2287 3373 2564 3447 vooent,
2609 3453 2616 3463 .

582 3485 865 3559 infestae
891 3483 1099 3558 etiam
1128 3483 1449 3558 homines
1470 3485 1900 3563 adoriuntur.
1973 3485 2190 3558 Canes
2215 3505 2448 3558 autem
2477 3511 2566 3561 eo

479 3639 523 3701 9
583 3623 856 3694 affectae
880 3617 1093 3694 modo
1121 3616 1455 3694 dicuntur
1483 3622 1795 3696 catulire.
1873 3614 2422 3691 Coimrientihus
2449 3620 2565 3694 fe·-

578 3755 791 3827 minis
822 3755 1290 3829 intumescunt
1321 3755 1643 3854 genitalia
1675 3759 2004 3848 luemque
2039 3750 2166 3825 ille
2193 3749 2568 3830 humescit.‘

576 3885 909 3986 Equabus
956 3915 1241 3990 quoque
1284 3887 1522 3990 liquor
1555 3887 1756 3958 albus
1795 3881 2042 3960 codem
2073 3908 2390 3985 tempore
2425 3885 2559 3961 dc-
2613 3927 2618 3930 ·

576 4019 809 4097 stillat.
880 4024 1407 4104 Menmuomm
1434 4047 1721 4125 quoque
1748 4023 2196 4126 purgationes
2223 4022 2580 4098 eueniunt·
