2917 4959
620 473 759 540 DE
806 460 1287 554 ANIMAL.
1336 461 1612 538 HrsT.
1667 471 1854 548 vul.
1915 489 2026 563 18.
2177 484 2334 554 555

345 659 585 730 mare.'
656 651 745 726 Id
780 652 975 752 quod
1009 655 1087 728 in
1117 654 1435 752 Bosporo
1462 655 1896 730 manifestius
1923 661 2062 733 esi:
2115 663 2326 740 limus

342 791 533 865 enim
580 815 855 862 sursum
920 790 1173 882 fertur,
1255 789 1608 888 simulque
1655 794 2038 868 efferuntur
2081 800 2319 895 pisces.

336 925 565 999 Aiunt
606 927 811 998 etiam
842 950 1337 1023 saepenumero
1388 927 1732 1019 euenisse,
1783 947 1860 1016 vt
1887 926 2110 1004 fundo
2156 955 2322 1004 ver-

335 1057 581 1132 riculis
616 1061 909 1134 excitato
932 1060 1175 1154 plures
1206 1052 1453 1128 eodem
1487 1059 1837 1135 verriculo
1881 1061 2100 1138 altero
2133 1064 2317 1140 iactu

330 1221 555 1292 quam
588 1195 825 1291 priore
857 1189 1244 1287 capiantur.
1343 1188 1703 1264 Imbribus
1731 1213 1962 1266 autem
1989 1195 2316 1294 largiori—

328 1328 463 1400 bus
496 1323 983 1422 ingruentibus
1009 1343 1342 1421 apparent
1358 1323 1708 1420 animalia,
1761 1352 1944 1428 quae
1972 1349 2092 1402 aut
2121 1359 2314 1408 nun-

329 1483 545 1554 quam
575 1478 693 1530 aut
725 1483 887 1533 raro
914 1459 1061 1534 visa
1099 1481 1281 1537 sunt.

424 1689 667 1764 CAP.
718 1694 997 1771 XVIII.
1052 1694 1299 1795 (vulgo
1334 1695 1540 1772 XVI.
1591 1695 1943 1797 Scaligero
1969 1699 2208 1798 XXI.)

474 1863 582 1940 Ex
612 1867 861 1942 auibus
900 1891 1187 1966 quoque
1215 1866 1478 1956 multae
1514 1865 1774 1957 latent²
1814 1893 1978 1959 nec,
2029 1889 2104 1942 vt
2139 1870 2310 1966 qui·-

325 1995 495 2072 dam
528 2001 989 2094 arbitrantur,
1040 2025 1279 2074 omnes
1324 1995 1401 2071 in
1454 1996 1688 2096 tepida
1735 2001 1890 2072 loca
1933 2000 2308 2098 secedunt3

321 2129 446 2205 sed
493 2138 621 2234 qui
674 2136 873 2212 haud
922 2135 1231 2208 multum
1272 2129 1532 2206 'absunt
1581 2135 1670 2205 ab
1717 2133 2064 2208 eiusmodi
2107 2138 2306 2230 locis,

322 2267 567 2362 quales
588 2268 663 2362 ii,
714 2271 803 2344 in·
824 2269 1082 2368 quibus
1112 2291 1384 2364 semper
1398 2287 1797 2362 morantur3
1849 2268 2068 2342 veluti
2099 2270 2306 2344 milui

320 2420 391 2472 et
430 2398 866 2476 hirundines.
906 2431 914 2438 ·
1002 2401 1203 2488 Quae
1250 2397 1417 2476 'vero
1456 2401 1738 2499 longius
1786 2397 2072 2489 absunt,
2159 2433 2305 2478 non

318 2555 595 2610 mutant
641 2537 881 2612 locum
895 2591 917 2630 ,
970 2533 1093 2608 sed
1128 2559 1201 2610 se
1244 2537 1427 2634 ipsas
1485 2509 1770 2624 abdunt.
1873 2536 2086 2612 Visae
2114 2540 2308 2611 enim

319 2691 483 2742 sunt
514 2668 931 2745 hirundines
957 2669 1033 2744 in
1064 2671 1397 2768 angustiis
1434 2668 1870 2740 conuallium
1916 2672 2306 2765 (Scaliger

320 2801 393 2874 in
423 2806 779 2900 cauernis)
822 2806 1119 2896 multae,
1187 2802 1449 2900 plumis
1495 2799 1796 2910 nudatae
1840 2802 2150 2900 penitus:
2237 2825 2306 2878 et

320 2937 529 3010 milui
560 2963 643 3010 ex
674 2940 761 3010 iis
797 2939 1155 3016 euolantes
1192 2937 1365 3012 locis
1400 2936 1532 3014 visi
1561 2957 1746 3029 sunt,
1797 2963 1962 3012 cum
1991 2937 2306 3036 primum

320 3091 803 3167 apparuerant.
904 3070 1133 3147 Nullo
1164 3095 1453 3172 quoque
1489 3069 1898 3142 discrimine
1942 3094 2094 3145 tam
2127 3097 2305 3170 quae
2359 3107 2400 3150 2

322 3225 543 3290 rectos
572 3231 793 3303 quam
806 3233 983 3306 quae
1012 3219 1223 3282 vncos
1240 3204 1506 3278 habent
1529 3231 1793 3302 vngues
1821 3231 1964 3281 sese
1991 3205 2305 3283 condunt

319 3341 793 3434 (quaedam.)
896 3339 1181 3438 Quippe
1210 3359 1281 3412 et
1314 3337 1585 3412 ciconia
1623 3361 1690 3412 et
1727 3343 1994 3412 merula
2035 3362 2100 3412 et
2152 3362 2304 3413 tur·

318 3495 433 3547 tur
488 3495 556 3547 et
596 3474 868 3549 alauda.
1002 3473 1115 3548 Ac
1160 3495 1391 3548 turtur
1445 3473 1736 3572 quidem
1777 3501 1982 3546 nemo
2025 3471 2304 3543 dubitat

318 3608 489 3706 quin
524 3610 826 3686 maxime
856 3609 1177 3685 omnium
1207 3608 1426 3682 lateat·
1482 3605 1704 3681 Nulla
1731 3610 1942 3700 enim,
1978 3627 2052 3688 ,vt
2081 3604 2308 3694 aiunt,-

320 3737 556 3812 audita
584 3763 687 3814 est
716 3741 949 3820 hieme
992 3772 1238 3820 canere
1282 3769 1594 3843 vsquam.
1717 3743 1902 3816 Cum
1961 3738 2092 3810 init
2127 3737 2306 3808 late-

324 3883 523 3968 bras,
578 3882 785 3958 valde·
811 3880 1089 3979 pinguis
1118 3901 1240 3954 est.
1344 3879 1582 3976 Atque
1612 3881 1684 3950 in
1717 3873 2013 3950 latibulo
2049 3871 2308 3970 plumis

324 4017 697 4116 spoliatur:
779 4040 1007 4114 neque
1053 4035 1284 4090 tamen
1345 4014 1722 4087 macrescit.
1855 4005 2312 4080 Palumbinum

1603 4147 1658 4211 Z
1725 4169 1732 4174 .
