2917 4959
562 490 709 560 524
1170 476 1936 551 ARISTOTELIS

560 694 749 746 tatur
782 674 857 743 in
894 664 1271 743 foeminam
1310 662 1589 735 animal.
1693 660 1920 760 Igitur
1932 661 2380 738 manifestum
2413 672 2544 757 estJ

562 811 637 882 in
674 802 1185 905 principiorum
1228 794 1674 872 concretione
1727 820 2250 874 momentaneae
2291 796 2542 871 cuius-

557 942 745 1043 piam
772 931 1272 1033 magnitudinis
1296 930 1480 1003 facta
1521 931 1904 1007 mutatione
1920 988 1942 1026 ,
1995 960 2075 1007 ea
2118 933 2178 1005 si
2207 930 2544 1030 principii

555 1073 813 1176 species
848 1068 978 1162 sit,
1030 1067 1191 1141 fieri
1216 1066 1331 1143 vel
1360 1064 1740 1139 foeminam
1765 1068 1879 1143 vel
1904 1092 2202 1141 marem-2
2251 1065 2380 1139 illa
2411 1092 2538 1139 au-

555 1232 697 1283 tem
735 1206 1007 1280 sublata
1024 1256 1049 1296 ,
1098 1222 1450 1275 neutrum.
1551 1200 1802 1301 Itaque
1845 1180 2232 1277 secundum
2259 1220 2542 1278 vtmm...

558 1373 715 1447 que·
732 1339 1029 1417 modum
1056 1358 1199 1409 tam
1226 1354 1546 1409 terrestre
1575 1363 1796 1434 quam
1825 1337 2132 1435 aquatile
2157 1340 2274 1430 fit,
2323 1337 2544 1436 pusil-

559 1482 651 1553 lis
682 1473 967 1551 mutatis
994 1472 1361 1545 membris·-
1383 1524 1399 1541 .
1424 1525 1442 1541 .
1460 1471 1822 1568 contingit,
1869 1476 1947 1543 vt
1971 1472 2210 1569 aliqua
2239 1470 2540 1547 euadant

558 1608 903 1689 terrestria
918 1661 939 1699 ,
1020 1604 1155 1677 alia
1200 1602 1556 1701 aquatilia.
1657 1601 1898 1701 Atque
1938 1601 2202 1677 horum
2243 1606 2538 1706 quidem
2577 1602 2584 1611 ’

558 1748 797 1845 aliqua
820 1740 909 1815 ad
934 1760 1255 1813 neutram
1286 1728 1559 1836 partem
1588 1738 1968 1834 pertinent:
2021 1740 2156 1811 alia
2183 1763 2416 1815 autem
2445 1741 2540 1815 ad

556 1900 955 1976 vtramque:
1004 1894 1371 1973 propterea
1396 1870 1592 1971 quod
1620 1870 1698 1943 in
1727 1874 2224 1951 constitutione
2245 1900 2314 1951 et
2339 1904 2542 1976 gene·

564 2012 835 2089 ratione
894 2010 1219 2083 materiae
1280 2006 1636 2107 quandam
1689 2030 1958 2109 partem
2005 2016 2534 2110 praeceperunt,

563 2148 654 2223 de
704 2146 904 2221 cuius
952 2141 1173 2217 simili
1220 2141 1359 2216 sint
1403 2144 1815 2219 vietitatura.
1921 2142 2140 2231 Qudd
2183 2147 2374 2221 enim
2421 2174 2539 2223 se-

562 2283 881 2358 cundum
927 2302 1248 2354 naturam
1282 2298 1419 2372 est,
1471 2276 1818 2377 expetitur
1849 2279 1938 2351 ab
1977 2279 2176 2353 omni
2217 2282 2570 2379 animalis

562 2417 743 2495 siout
768 2416 911 2490 iam
940 2412 1214 2487 dictum
1244 2434 1361 2487 mt-

1284 2640 1602 2721 CAP.
1704 2645 1836 2721 111.

662 2819 903 2895 Trinis
930 2814 1161 2893 modis
1192 2816 1546 2893 diuisione
1576 2816 1756 2889 facta
1785 2817 2198 2895 animalium
2229 2822 2305 2897 in
2337 2848 2542 2923 aqua..

564 2951 686 3029 tile
713 2976 785 3027 et
803 2974 1143 3047 terrestre,
1181 2954 1496 3052 primum
1523 2940 1722 3050 qu⁰od
1747 2953 1858 3028 vel
1894 2980 2122 3028 aerem
2148 2956 2263 3031 vel
2271 2924 2546 3056 ¹aquam

568 3088 904 3188 recipiant
920 3142 944 3182 ,
994 3087 1249 3163 deinde
1294 3084 1491 3185 quod
1509 3092 1514 3097 ’
1532 3106 1718 3160 certo
1751 3086 1892 3161 sint
1923 3091 2244 3189 corporis
2273 3114 2548 3195 tempe-

570 3244 919 3320 ramento,
956 3247 1111 3297 tum
1140 3242 1425 3323 propter
1450 3220 1778 3295 alimenta
1795 3278 1816 3316 ,
1839 3223 2128 3299 viuendi
2159 3224 2335 3302 ratio
2365 3256 2546 3305 con-

566 3380 899 3460 sequetur
931 3359 1079 3460 ipsa
1111 3353 1500 3432 secundum
1531 3356 1660 3429 has
1689 3355 2089 3434 diuisiones.
2179 3360 2546 3447 Quaedam

570 3496 763 3570 enim
812 3516 1205 3594 sequuntur
1267 3489 1661 3567 secundum
1707 3514 1776 3566 et
1821 3512 2433 3589 temperamentum
2473 3513 2544 3567 et

570 3630 850 3723 cibum,
902 3652 971 3703 et
994 3656 1077 3704 eo
1106 3629 1307 3729 quod
1340 3632 1451 3705 v'el
1481 3656 1707 3705 aerem
1737 3627 1846 3701 vel
1877 3651 2130 3723 aquam
2163 3627 2542 3728 recipiant:

570 3764 707 3837 alia
755 3787 986 3840 autem
1048 3761 1434 3839 secundum
1497 3780 2117 3863 temperamentum
2163 3784 2236 3836 et
2279 3763 2548 3839 victum

472 3910 516 3955 ²
572 3918 865 3975 tantum.
968 3900 1461 3975 Testaoeorum
1485 3900 1728 3997 itaque·
1751 3896 2166 3973 animalium
2195 3927 2374 4001 quae
2405 3924 2552 3975 non

528 4034 538 4041 ’
569 4054 845 4111 mutant
894 4036 1136 4115 locum
1151 4092 1175 4135 ,
1250 4035 1536 4109 aluntur
1587 4058 1787 4135 aqua.
1849 4084 1856 4091 ·
1891 4032 2297 4110 Pereolatur
2363 4036 2549 4110 enim
