2917 4959
551 481 689 530 212
1149 452 1911 525 ARISTOTELIS

550 642 669 719 ibi·
715 643 789 717 in
854 642 1011 739 igne
1076 638 1421 712 oriuntur·
1465 638 1806 712 bestioiae‘
1835 636 2215 737 grandibus
2257 638 2562 713 muscis·

550 781 765 878 paulo
792 776 1103 865 maiores,
1144 774 1355 845 alatae
1374 824 1395 861 ‚
1428 799 1607 869 quae
1635 798 1765 869 per
1793 774 2026 871 ignem
2059 774 2423 847 ambulant
2453 768 2564 849 ets·

464 922 537 985 13
557 895 822 987 saliunt·-
924 906 1331 980 Moriuntur
1381 926 1610 977 autem
1669 926 1816 979 tam
1863 906 2003 1000 illi,
2069 909 2130 980 si
2195 934 2282 981 ex
2329 907 2560 1000 niue,.·

556 1073 765 1145 quam
793 1042 946 1133 hae,
998 1041 1057 1111 si
1092 1067 1176 1114 ex
1206 1040 1351 1138 igni
1376 1040 1789 1113 eximantur.
1842 1040 2020 1115 Fieri
2043 1062 2274 1115 autem
2295 1018 2548 1138 posse}

556 1202 627 1255 vt
690 1204 779 1251 ne
828 1172 1309 1274 quorundam'
1345 1173 1756 1247 animalium
1803 1172 2326 1247 constitutiones
2371 1172 2541 1268 igni-

556 1314 946 1403 soluantur,
999 1306 1431 1381 salamandra
1459 1305 1724 1380 indicio
1751 1329 1870 1382 est.
1973 1310 2169 1383 Haec
2198 1308 2388 1383 enim
2401 1360 2422 1397 ,
2447 1326 2542 1381 vt·

465 1458 541 1518 14·
564 1448 797 1537 aiunt,
830 1450 955 1543 pe‘r
984 1442 1213 1541 ignem
1246 1439 1574 1515 incedens
1605 1468 1768 1515 eum
1793 1443 2150 1543 extinguit.
2215 1441 2334 1515 Ab
2362 1440 2542 1543 ΗΓ·

556 1584 723 1681 pani
760 1578 1025 1669 fluuio,
1097 1574 1223 1673 qui
1271 1576 1347 1647 in
1393 1576 1792 1673 Bosporum
1835 1576 1996 1649 fluit
2041 1576 2552 1667 Cimmerium,-

558 1718 691 1787 sub
716 1709 1033 1787 'solstitio
1078 1709 1487 1783 deferuntur
1517 1711 1716 1809 quasi
1745 1710 2084 1805 folliculi,
2137 1711 2350 1786 adnis
2382 1737 2542 1785 ma-.

556 1850 738 1925 iores
755 1903 776 1940 ‚
816 1845 1090 1945 quibus·
1104 1842 1328 1941 ruptis
1361 1843 1502 1918 exit
1531 1846 1787 1919 animal
1817 1846 2078 1919 alatum
2107 1844 2551 1946 quadrupes.-

559 1983 769 2059 Viuit
802 1980 941 2055 hoc
970 1980 1295 2077 volatque
1336 1976 1427 2051 ad
1456 2002 1690 2055 serum
1721 1978 1862 2053 diei
1891 2004 2142 2079 vsque:
2191 1980 2554 2052 inclinato-

561 2118 707 2195 sole
734 2115 1051 2207 tabescit,
1102 2139 1404 2213 cumque
1444 2110 1803 2219 occiglenoe
1835 2112 2088 2187 occidit
2103 2170 2124 2207 ,
2174 2112 2288 2187 die
2321 2113 2524 2189 vnico

562 2273 893 2327 transacta
942 2250 1101 2325 vita.
1206 2245 1419 2321 Vnde
1479 2248 1716 2321 etiam·
1743 2246 2200 2347 ephemerum
2251 2268 2554 2341 vocant,;

562 2387 764 2485 quasi
800 2383 1113 2455 diarium
1152 2379 1360 2455 dicas.
1465 2370 1776 2455 Maxima
1818 2409 2061 2457 eorum
2103 2410 2264 2483 pars
2281 2426 2326 2476 ,-
2355 2408 2539 2482 quae

560 2547 645 2595 ex
687 2515 915 2591 erucis
948 2538 1067 2589 aut
1100 2542 1139 2589 e
1169 2514 1570 2590 vermiculis
1601 2516 1927 2591 oriuntur
1943 2572 1962 2611 ,
2015 2518 2214 2616 prius
2247 2544 2532 2593 aranea-

561 2653 701 2727 eeis
726 2650 883 2724 telis
914 2649 1297 2725 retinentur
1326 2668 1400 2722 et
1426 2651 1814 2723 firm'antur.
1853 2652 2146 2748 (Vulgo
2171 2668 2350 2723 erat
2369 2680 2392 2722 .·
2425 2654 2536 2727 in.

564 2789 805 2863 voluta
868 2782 1382 2878 continentur.)
1485 2782 1678 2857 Haec
1698 2800 1714 2813 “
1733 2784 1955 2883 ,igitur
2017 2786 2146 2865 sie.
2195 2812 2528 2884 generan-

566 2944 699 2996 tur.
766 2918 1045 3016 [Vulgo
1103 2918 1273 3015 Cap.
1328 2919 1500 2991 XX.
1553 2917 1862 3016 Scaliger
1927 2922 2287 2997 continuat
2361 2920 2526 3023 Cap·

477 3064 547 3125 15
570 3052 903 3151 XVHI.]
956 3054 1229 3151 Vespae
1278 3072 1542 3144 autem,
1607 3078 1788 3151 quae
1837 3054 2340 3132 ichneumones
2400 3082 2568 3155 ap-.

566 3190 954 3297 pellantnr‚
1014 3232 1019 3239 -
1072 3200 1279 3285 atque
1366 3186 1522 3260 aliis
1598 3206 1765 3259 sunt
1861 3189 2202 3283 minores,
2300 3192 2419 3279 ab·
2469 3216 2568 3265 ee.

568 3320 925 3397 interfecta
970 3318 1341 3417 phalangia
1387 3321 1621 3428 ferunt
1665 3318 1756 3393 ad
1801 3321 2170 3420 parietinas
2215 3344 2356 3405 aut,
2375 3324 2564 3415 alie,-

572 3454 696 3532 vbi
740 3454 1049 3527 foramen
1082 3453 1175 3525 sit
1194 3508 1215 3547 ‚
1280 3454 1572 3552 lutoque
1603 3454 1826 3531 oblito
1856 3458 1954 3529 ibi
1983 3456 2299 3554 pariunt,
2350 3453 2560 3529 vnde·

574 3592 763 3690 ipsae
790 3608 1222 3686 generentur.
1328 3587 1692 3675 Quaedam
1717 3614 1962 3664 eorum
1973 3638 1996 3673 ,
2045 3612 2222 3684 φλορ,
2245 3586 2390 3661 elas
2419 3616 2566 3669 va-,

578 3723 739 3821 gina
777 3743 983 3795 tectas
1020 3720 1311 3813 habent,
1364 3750 1722 3820 paruaque
1759 3741 1920 3793 sunt
1947 3739 2028 3792 et·
2053 3719 2204 3796 sine
2219 3722 2563 3817 ·nomine‚²

580 3882 663 3933 ex
691 3856 845 3931 luto
867 3854 1168 3929 ‘tubulos
1202 3852 1496 3953 (nidos)
1525 3874 1852 3928 exn-nunt
1881 3880 2137 3952 paruos
2167 3878 2292 3929 aut
2317 3854 2409 3929 ad
2437 3882 2560 3935 se·.

578 3990 823 4086 pulcra
850 4010 972 4065 aut
1000 3986 1089 4063 ad
1116 3987 1513 4087 parietinas,
1537 3991 1614 4065 in
1639 3986 1906 4089 quibus
1933 3990 2360 4069 vermiculos·
2379 4018 2562 4069 suos.
