2917 4959
588 451 679 516 82
1195 431 1968 503 ARISTOTELIS

593 624 951 725 conspicui
994 613 1195 693 valde
1244 636 1445 707 sunt,
1519 635 1678 714 post
1715 611 1790 684 id
1832 638 1998 686 vero
2047 633 2316 708 tempus
2365 615 2578 686 ctiam

596 781 863 834 meatus
926 750 1061 850 ipsi
1110 746 1466 822 interdum
1517 747 1703 856 null't
1755 768 2128 846 appan-cuv,
2191 747 2291 820 s'tc
2336 750 2579 822 auium

601 915 881 994 quoque
911 885 1195 958 testibus
1232 911 1362 960 vsu
1390 881 1598 958 venit.
1703 880 1890 956 Nam
1915 901 2286 977 antequam
2315 905 2583 975 coeant,

602 1023 859 1126 partim
888 1045 1123 1094 earum
1154 1017 1439 1115 exiguos
1456 1070 1478 1108 ‚
1512 1017 1766 1114 partim
1797 1015 2088 1090 omnino
2117 1017 2408 1090 minime
2428 1045 2588 1091 ma·-

601 1157 888 1234 nifestos
914 1153 1197 1226 hahent-
1259 1150 1444 1223 Cum
1473 1171 1704 1228 autem
1735 1169 1988 1224 coeunt
2005 1203 2024 1240 ,
2075 1148 2272 1224 valde
2301 1179 2586 1250 magnos

608 1293 949 1367 obtinent.
1060 1283 1468 1359 Planissime
1499 1305 1732 1358 autem
1783 1283 1928 1358 hoc
1967 1284 2044 1358 iu
2085 1285 2431 1382 palumbis
2477 1307 2590 1360 at-

612 1431 751 1526 qu'e
784 1420 1184 1523 perdicibus
1214 1416 1709 1516 deprehendas..
1790 1417 2276 1508 „Quamobrem
2300 1447 2388 1494 ne
2409 1421 2588 1494 vllos

614 1555 905 1660 quidem
934 1580 1077 1627 esse
1093 1579 1216 1649 per
1246 1550 1557 1624 hiemem
1584 1549 1750 1648 ipsis
1767 1548 2060 1648 quidam
2079 1570 2241 1623 sunt
2257 1553 2588 1627 arbitrati.

520 1712 561 1776 6
618 1693 899 1780 Quibus
952 1708 1149 1760 testes
1194 1687 1269 1757 in
1312 1683 1644 1758 anteriori
1695 1703 1890 1781 parte
1929 1682 2044 1754 siti
2088 1703 2282 1774 sunt,
2328 1682 2592 1758 horum

618 1822 979 1902 nonnullis
1022 1819 1311 1892 haerent
1359 1817 1547 1890 intus
1583 1817 1846 1908 ventri,
1898 1835 1992 1910 vt,
2012 1813 2125 1888 del
2127 1813 2392 1914 phin03
2439 1817 2594 1889 aliis

624 1983 815 2035 extra
848 1953 941 2031 ad
970 1974 1358 2029 extremum
1384 1971 1696 2024 ventrem
1725 1951 1973 2049 palam.
2029 1949 2265 2048 Atque
2289 1949 2405 2023 his
2434 1977 2596 2024 sane

628 2117 795 2168 cum
844 2111 1065 2164 cetera
1108 2084 1560 2176 conueniant,
1611 2104 1766 2158 tum
1805 2083 1947 2158 hoc
1988 2081 2354 2176 differunt,
2403 2081 2599 2182 quod

634 2225 775 2298 illis
804 2249 933 2322 per
959 2220 1195 2319 seipsi
1221 2218 1514 2292 haerent
1537 2237 1736 2290 testes
1753 2272 1775 2311 ‚
1824 2218 1900 2288 in
1929 2219 2016 2289 iis
2043 2237 2308 2309 autem,
2339 2216 2597 2315 quibus

538 2379 571 2441 7
635 2378 825 2432 extra
868 2374 1067 2444 sunt,
1118 2351 1253 2424 sibi
1286 2371 1518 2426 scroto
1557 2353 2023 2425 continentur.
2125 2349 2214 2424 In
2243 2349 2440 2424 omni
2475 2377 2598 2448 ge-

633 2514 797 2562 nere
820 2485 1281 2558 animantium
1297 2536 1337 2592 ,⁵
1372 2509 1552 2580 quae
1581 2483 1788 2556 humi
1824 2486 2084 2583 agitant
2105 2505 2313 2582 atque
2341 2482 2602 2556 animal

637 2619 954 2719 pariunt,
990 2596 1091 2686 sii:
1118 2635 1317 2686 testes
1348 2638 1510 2688 suut
1541 2617 1919 2692 constituti.
1972 2619 2244 2694 Meatus
2267 2645 2602 2692 venarum

637 2752 865 2853 specie
901 2753 987 2824 ab
1033 2769 1223 2822 aorta
1256 2746 1349 2820 ad
1393 2752 1758 2850 vtriusque
1797 2755 1984 2828 testis
2023 2773 2228 2851 caput
2267 2747 2596 2825 tendunt:

636 2908 789 2958 tum
818 2884 1013 2956 alteri
1044 2880 1191 2955 duo
1222 2885 1312 2958 ab
1342 2885 1659 2982 reuihu83
1723 2885 1846 2960 sed
1870 2887 2276 2985 sanguinem
2301 2887 2382 2958 hi
2421 2913 2598 2960 con-

636 3019 893 3110 tinent,
944 3016 1051 3088 ini
1076 3015 1166 3090 de
1198 3041 1387 3092 aorta
1419 3022 1710 3094 nullum.
1764 3021 1836 3094 A
1859 2991 2050 3097 ⁸testis
2081 3021 2304 3120 capite
2333 3039 2600 3096 meatus

638 3173 739 3224 est
776 3151 905 3224 illo
938 3150 1215 3226 densior
1260 3174 1468 3252 atque
1501 3157 1900 3247 nemesim,
1951 3157 2074 3254 qui
2115 3156 2268 3229 testi
2297 3154 2432 3254 ipsi
2471 3151 2602 3226 ad-

638 3283 877 3360 haeret
891 3340 914 3379 ,
964 3307 1175 3385 atque
1208 3309 1506 3387 Vtroque
1534 3289 1610 3362 in
1637 3309 1804 3363 teste
1840 3289 2223 3390 reciprocat
2251 3313 2488 3362 rursus
2512 3285 2600 3359 ad

639 3441 874 3518 caput:
926 3447 965 3492 a
998 3447 1143 3521 quo
1176 3422 1401 3520 capite
1434 3444 1722 3522 vterque
1755 3423 1828 3498 in
1859 3453 2076 3500 vnum
2113 3422 2251 3496 coit
2271 3441 2600 3516 prorsum

541 3575 581 3635 8
641 3550 733 3625 ad
774 3553 1085 3652 genitale.
1188 3556 1427 3656 Atque
1483 3557 1538 3630 ii
1579 3579 1880 3652 meatuS,
1945 3579 2118 3654 quos
2169 3553 2602 3650 reciprocare

634 3683 977 3782 diximus,
1042 3710 1111 3764 et
1176 3690 1229 3760 ii
1292 3691 1419 3788 qui
1491 3690 1776 3767 testibus
1829 3689 2288 3788 applicantur,
2355 3685 2600 3762 eadem

631 3823 1030 3895 membrana
1070 3823 1510 3916 ambiuntur,
1563 3824 1774 3916 adon,
1823 3845 1898 3898 vt
1941 3823 2080 3896 nisi
2117 3824 2596 3914 membranam

630 3949 1013 4056 disiungaS,
1060 3983 1237 4032 vuus
1282 3978 1548 4032 meatus
1581 3983 1723 4032 esse
1753 3957 2084 4034 videatur.
2189 3959 2260 4030 Is
2301 3979 2586 4050 meatu&
