2917 4959
656 488 801 555 DE
848 486 1325 559 AN1MAL.
1376 486 1652 561 ms'r.
1703 492 1892 565 vm.
1945 518 2062 587 27.
2185 500 2321 590 571

354 696 583 769 neque
628 668 967 741 mollusca
1012 669 1401 767 gignuntur
1454 696 1686 769 neque
1731 675 1972 751 omnia
2015 700 2322 777 testacea,

350 806 493 879 nisi
518 804 759 904 paucis
786 802 979 876 locis.
1077 804 1165 878 In
1194 804 1373 878 mari
1400 806 1618 879 rubro
1643 807 1865 881 mirae
1889 815 2275 909 magnitudi

352 941 461 1013 nis
512 959 805 1012 testacea
834 935 1093 1011 omnia.
1195 939 1283 1011 In
1312 939 1520 1039 Syria
1563 940 1820 1013 ouibus
1862 945 2120 1020 caudae
2152 973 2316 1023 sunt

346 1075 569 1149 cubiti
628 1070 1037 1145 latitudine:
1119 1072 1474 1146 auriculae
1539 1074 1822 1171 capellis
1881 1079 2318 1177 longitudine

342 1208 567 1306 palmi
630 1231 711 1279 ac
778 1202 1157 1279 dodrantis.
1264 1206 1710 1293 Quibusdam
1773 1212 1978 1285 etiam
2043 1216 2314 1293 inferne

343 1364 605 1417 coeunt
632 1342 817 1417 inter
842 1368 917 1417 se
942 1340 1313 1417 auriculae.
1360 1342 1702 1439 (Codices
1731 1348 1879 1415 alii
1909 1350 2314 1449 pertingunt
2397 1393 2405 1408 .

344 1503 567 1575 Vsque
596 1475 685 1549 ad
714 1476 1019 1574 terram.)
1054 1478 1287 1549 Boues
1310 1474 1518 1575 Syri,
1571 1478 1752 1551 sicut
1777 1482 2060 1575 cameli,
2111 1485 2312 1559 iubas

343 1608 609 1686 habent
624 1612 701 1683 in
738 1612 1031 1685 summis
1062 1611 1291 1683 armis.
1348 1608 1644 1707 [Vulgo
1661 1628 1834 1685 erat
1861 1620 2159 1691 flexuras
2171 1618 2308 1693 ha..

334 1744 527 1819 bent.
584 1744 809 1815 (ι’-(ιτα
824 1770 849 1813 .·
900 1742 1123 1855 nodos
1148 1747 1596 1843 scapularum
1625 1751 1932 1823 flectunt.
1993 1753 2304 1825 Rectius

333 1878 645 1947 videtur
658 1903 683 1947 .·
712 1878 957 1976 gibber
972 1879 1233 1953 habent
1247 1879 1324 1951 in
1352 1880 1645 1951 summis
1678 1880 1946 1980 armis.]
1977 1882 2060 1955 In
2075 1882 2300 1985 Lycia

330 2014 559 2106 vulgo
574 2012 1231 2112 Cilicia)tondentur
1242 1990 2112 2110 mpragquemadmodum
2127 2046 2298 2093 oues

330 2152 521 2227 alibi.
541 2150 873 2227 InAfrica
886 2146 1231 2243 cornigeri
1250 2144 1494 2218 arietes
1505 2168 1884 2219 nascuntur
1893 2151 2144 2245 statim,
2167 2180 2299 2227 ne·.
2350 2174 2392 2232 4

327 2314 469 2387 que
504 2287 738 2360 solum
766 2306 993 2358 mares
1007 2335 1028 2374 ,
1074 2300 1149 2357 vt
1178 2279 1534 2353 Homerus
1563 2280 1660 2352 ait
1675 2334 1698 2371 ,
1745 2281 1864 2355 sed
1895 2285 2108 2359 etiam
2135 2289 2288 2360 alia.

320 2419 807 2521 (foeminae.)
824 2418 923 2491 At
936 2415 1015 2489 in
1026 2414 1251 2489 Ponto
1264 2412 1445 2487 circa
1465 2413 1828 2515 Scythiam
1841 2438 2111 2492 eontra:
2139 2422 2290 2497 sine

314 2556 649 2631 cornibus
688 2553 944 2627 omnia.
1047 2549 1133 2623 In
1164 2548 1485 2651 Aegypto
1531 2550 1664 2623 alia
1691 2552 1984 2650 quidem
2025 2556 2288 2631 maiora

316 2718 533 2791 quam
555 2690 631 2763 in
666 2686 988 2779 Graecia,
1020 2704 1096 2759 vt
1124 2674 1343 2757 boues
1372 2704 1439 2757 et
1470 2708 1666 2757 oues:
1715 2685 1849 2755 alia
1877 2708 2108 2759 autem
2139 2690 2282 2761 mi·-

312 2852 514 2918 nora‚
550 2844 625 2899 vt
650 2850 874 2914 canes,
910 2820 1166 2919 (vulgo
1202 2814 1433 2909 asini,)
1455 2816 1632 2914 lupi,
1673 2818 1981 2915 lepores,
2013 2824 2274 2925 vulpes,

312 2958 547 3052 corui,
578 2958 969 3056 accipitres:
1010 2951 1143 3024 alia
1158 2950 1311 3049 pari
1328 2949 1820 3048 magniiudine,
1844 2974 1920 3029 vt
1941 2957 2274 3051 cornices,

310 3118 583 3193 caprae.
680 3091 915 3163 Huius
976 3085 1077 3159 rei
1143 3110 1451 3157 caussam
1521 3086 1782 3182 pabulo
1843 3090 2269 3187 attribuunt3

312 3226 513 3329 quod
540 3225 697 3298 aliis
728 3239 1044 3320 suppetat
1073 3217 1380 3311 abunde,
1430 3217 1590 3289 aliis
1617 3247 1760 3294 non
1793 3222 1978 3295 item.
2079 3220 2268 3300 Nam

305 3364 485 3462 lupo
518 3383 585 3437 et
616 3356 965 3455 accipitri,
1014 3352 1140 3451 qui
1173 3352 1497 3425 carnibus
1537 3376 1930 3448 vescantur,
1979 3359 2264 3431 materia

305 3498 711 3597 infrequens
752 3512 884 3567 cst:
936 3514 1129 3562 rarae
1156 3489 1347 3560 enim
1388 3486 1700 3563 aniculae
1736 3512 1914 3563 sunt.
2003 3492 2262 3588 Lepori

304 3656 473 3705 vero
514 3652 585 3704 et
630 3630 817 3723 aliis,
854 3650 1055 3727 «quae
1094 3620 1421 3695 carnibus
1471 3648 1614 3694 non
1653 3622 1968 3715 aluntur,
2035 3650 2262 3720 neque

304 3788 517 3841 nuces
534 3784 763 3861 'neque
788 3789 993 3860 poma
1024 3755 1461 3832 diuturniora
1487 3779 1668 3831 simt.
1751 3756 1999 3831 Multis
2029 3776 2258 3829 autem
2315 3780 2351 3841 5

301 3897 477 3970 locis
509 3895 716 3970 etiam
746 3914 1203 3994 temperatura
1234 3896 1309 3967 in
1352 3919 1590 3966 caussa
1617 3914 1744 3965 est:
1795 3889 2258 3991 quemadmo-
2346 3974 2350 3979 .

298 4030 473 4103 dum
525 4030 601 4105 in
649 4030 939 4131 Illyrico
984 4049 1060 4101 et
1082 4026 1391 4111 -Thracia
1437 4049 1506 4100 et
1535 4026 1756 4123 Epis-q
1799 4024 1973 4097 asini
2013 4025 2251 4121 pusilli

1315 4162 1355 4231 Α
1390 4191 1427 4233 a
1477 4186 1514 4230 2
