2917 4959
792 449 931 516 DE
995 439 1480 517 ANIM'AL.
1546 449 1822 580 HISJ'.
1889 455 1974 524 Π.
2040 461 2104 527 3.
2333 465 2428 533 55

450 630 703 708 scendi-
746 626 1151 706 facultatem
1217 631 1466 706 hahet.-
1568 634 1750 712 Aliis
1813 639 2235 716 nemaeeum
2251 699 2270 734 ,
2353 667 2428 720 vt
2481 663 2488 672 ·

442 795 653 842 ceruo
705 790 778 842 et
827 769 1136 841 camelo:
1206 769 1363 840 aliis
1418 794 1729 863 osseum,
1799 793 1875 844 vt
1923 773 2159 870 vulpi,
2215 777 2422 875 lupo,

439 902 794 994 viuerrae,
846 903 1103 1000 (ictidi)
1140 903 1515 976 mustelae:
1570 931 1733 976 nam
1762 902 1934 977 haec
1965 933 2248 1006 quoque
2287 913 2420 986 tale

433 1035 667 1112 habet.
740 1036 963 1135 [Cap.
1010 1039 1105 1110 X.
1150 1038 1578 1137 Scaligero.]
1633 1037 1924 1112 Adhaec
1971 1039 2227 1135 homO,
2295 1017 2416 1118 vb'i
2477 1051 2516 1110 6

431 1170 637 1246 iusto-
674 1193 781 1246 est
826 1173 1183 1245 absolutus
1228 1172 1658 1247 incremento
1673 1227 1694 1264 ,
1758 1174 2145 1271 superiores
2185 1201 2414 1276 partes

432 1306 904 1380 inferioribus
928 1307 1239 1379 minores
1272 1303 1702 1403 (breuiores)
1735 1305 1966 1380 habet.
2071 1310 2412 1410 Reliquae

444 1443 865 1533 animantes,
914 1440 1131 1514 modo
1172 1439 1502 1539 sanguine
1541 1461 1902 1515 concretae
1943 1441 2116 1536 siut,
2168 1472 2210 1516 e
2237 1473 2408 1519 con-2

434 1575 693 1648 trario:
734 1577 1127 1675 superiores
1156 1575 1518 1674 intelligo,
1549 1603 1730 1674 quae
1763 1575 1852 1646 ab
1883 1574 2036 1672 ipso
2069 1579 2294 1676 capite
2319 1579 2408 1662 ad

327 1743 343 1754 ·
418 1709 691 1784 exitum
720 1709 1145 1785 excrementi
1170 1737 1391 1810 vsque
1412 1710 1796 1809 pertinent·‚
1841 1709 2141 1810 reliquas
2175 1731 2408 1787 autem

422 1845 810 1920 inferiores.
912 1846 1187 1920 Eorum
1250 1845 1466 1942 igitur
1485 1899 1506 1939 ,
1594 1871 1772 1944 quae
1831 1844 2040 1944 pedes
2105 1846 2402 1940 liabent,

428 1981 813 2077 posteriora
864 2007 1071 2053 crura
1122 2002 1305 2053 sunt-
1337 1978 1632 2052 inferior
1691 2005 1854 2078 pars
1901 1981 2402 2080 magnitudinis

420 2113 696 2188 totimz-
726 2135 800 2188 at
839 2114 916 2185 in
958 2113 1085 2205 iis,
1134 2142 1315 2212 quae
1350 2136 1588 2187 carent
1631 2113 1928 2212 pedibus
1947 2171 1968 2208 ‚
2019 2115 2400 2212 caudarum

426 2275 684 2343 genera
728 2247 970 2319 omnia
986 2301 1008 2337 ‚
1060 2267 1263 2342 atque
1306 2247 1441 2318 alia
1473 2246 1656 2320 talia.
1757 2245 1996 2346 Atque
2027 2247 2200 2342 haec
2231 2248 2400 2346 qui-

430 2379 598 2455 dem
616 2434 637 2474 ,
723 2401 1097 2479 postquam
1149 2407 1273 2452 sua
1312 2381 1654 2479 explet-int
1699 2381 2122 2456 incrementa
2133 2408 2160 2476 ·,
2236 2381 2398 2454 talia

422 2537 590 2590 sunt
606 2544 629 2590 ε
668 2537 741 2590 at
772 2515 953 2588 inter
986 2517 1494 2614 augescentium
1523 2515 1802 2592 diuerso
1835 2517 2048 2592 modo
2082 2543 2226 2592 sese
2257 2515 2395 2600 ha,-

416 2654 603 2724 bent.
658 2653 903 2726 Homo
942 2679 1249 2752 namque
1280 2651 1458 2725 dum
1489 2651 1838 2746 adolescit,
1889 2653 2155 2726 maiora
2185 2649 2395 2722 habet

414 2785 821 2885 superiora,
877 2813 1094 2885 quam
1116 2787 1492 2882 inferiora;
1522 2787 1646 2861 vbi
1669 2815 1836 2862 vero
1865 2807 2106 2860 auctus
2131 2804 2266 2878 est,
2315 2783 2394 2854 in

412 2921 852 2994 contrarium
880 2931 1193 2996 mutatur
1215 2920 1562 2994 habitum.
1625 2921 1870 3022 Itaque
1897 2924 2084 2998 solus
2107 2935 2420 3020 quoque·

422 3054 833 3127 animalium
852 3082 999 3130 non
1032 3057 1283 3132 eodem
1318 3056 1584 3132 incedit
1607 3057 1846 3152 mo‘do,
1873 3085 2038 3132 cum-
2059 3079 2258 3129 tener
2272 3074 2420 3144 est,-

426 3205 501 3260 et
537 3214 701 3260 cum
740 3187 1032 3264 adultus.
1136 3193 1271 3266 Per
1288 3191 1504 3264 'initia
1534 3191 1754 3286 enim,
1805 3191 1980 3265 dum
2011 3191 2238 3264 infans
2274 3207 2394 3279 eet,

418 3321 609 3421 repit
640 3321 1065 3424 quadrupes.v
1106 3325 1273 3400 Alia
1300 3353 1470 3400 vero
1501 3355 1630 3425 per
1655 3330 2181 3428 proportionem
2209 3351 2400 3422 pro-‘
2451 3363 2487 3424 7

416 3487 653 3534 cessus
679 3459 1099 3534 incrementi
1125 3461 1389 3534 faciunt
1405 3515 1425 3554 ,
1474 3480 1551 3534 Vt
1577 3427 1782 3536 caiiis.
1847 3461 2210 3550 Quaedam
2234 3457 2394 3556 pri-

418 3621 623 3668 mum
664 3593 957 3700 ‘maiora
1010 3594 1275 3669 habent
1315 3595 1646 3670 inferiora
1667 3652 1686 3690 ,
1737 3627 1953 3697 quam
1993 3592 2390 3694 superiora3
2467 3605 2480 3643 i

422 3747 581 3801 tum
619 3728 799 3802 inter
846 3727 1305 3802 crescendum
1350 3729 1706 3829 superiora
1751 3732 2056 3807 euadunt
2096 3724 2392 3800 maiorm

426 3860 649 3936 veluti
688 3860 1179 3940 veterinorum
1200 3891 1435 3964 genus.
1458 3869 1488 3926 ·‘
1539 3865 1672 3938 His
1703 3867 1890 3973 enim
1925 3883 2267 3964 quantum
2297 3875 2398 3934 est

428 3995 523 4068 ab
554 3993 811 4093 vngula
840 3995 931 4071 ad
959 3999 1238 4096 femur,.
1261 4000 1451 4082 nihil
1485 4021 1717 4098 postea
1748 3999 2006 4074 crescit.
2037 3995 2170 4096 [Ca
2176 4025 2242 4097 p.
2260 3997 2393 4072 XI.
