2917 4959
525 1894 564 1955 5

627 484 773 559 556
1234 474 1984 547 ARISTOTELIS

620 665 851 763 phaet
870 663 1085 751 culex,
1120 655 1425 758 (empi3,)
1475 679 1544 733 et
1560 660 1823 759 quibus
1853 664 2090 735 alaein
2121 663 2386 761 vaginis
2413 686 2604 757 sunt,

626 800 851 899 qualis
864 814 961 869 est
972 782 1399 866 scarabaeus?
1448 792 1901 890 (cantharus)
1965 796 2102 871 Sed
2129 798 2370 873 omnia
2401 820 2610 897 post-

622 958 831 1031 quam
882 930 1106 1027 genita
1146 948 1349 1021 sunt,
1434 948 1715 1000 exuunt.
1818 927 2004 1001 Nam
2057 927 2266 1003 sicuti
2313 933 2604 1007 animali

618 1062 1013 1150 secundina,
1062 1089 1231 1135 cum
1255 1060 1529 1157 editur,
1585 1061 1684 1133 sic
1719 1062 1930 1139 etiam
1960 1054 2379 1159 vex-mitade,
2432 1092 2600 1137 cum

506 1196 513 1219 '
616 1200 887 1300 paritur
900 1252 921 1289 ,
1016 1196 1468 1296 ohmmpitur
1517 1192 1894 1307 faustulus.
2025 1198 2274 1298 Aeque
2323 1224 2486 1271 sane
2536 1219 2608 1271 et

618 1334 869 1432 apibus
902 1352 969 1406 et
1000 1331 1307 1405 locustis.
1412 1330 1524 1403 Ac
1555 1327 1833 1403 cicadae
1861 1330 2152 1427 quidem
2188 1358 2354 1405 cum
2385 1360 2608 1431 egres-

620 1494 735 1543 sae
776 1486 974 1558 sunt,
1050 1462 1424 1569 coasidunt
1491 1490 1699 1561 super
1759 1463 1932 1563 pleis
1985 1485 2054 1537 et
2119 1464 2600 1539 arundinibus.

624 1602 1122 1696 Circumrupto
1203 1618 1432 1671 autem
1487 1596 1812 1670 folliculo
1895 1618 2180 1687 exeunt,
2279 1600 2601 1698 pauxillo

603 1728 921 1810 ‘humore
952 1716 1196 1806 relicto
1240 1733 1461 1803 intus:
1525 1755 1756 1830 neque
1813 1732 2037 1805 multo
2089 1752 2248 1830 post
2287 1754 2600 1831 tempore

626 1893 693 1945 et
724 1868 967 1943 volant
1004 1886 1073 1939 et
1106 1885 1381 1937 canunt.
1483 1866 1591 1939 Ex
1633 1865 2000 1940 maritimis
2033 1888 2271 1939 autem
2295 1867 2602 1941 locustae

622 2028 691 2081 et
716 1999 1051 2104 gammari
1080 2020 1339 2073 exuunt
1367 1998 1747 2099 aliquaqu
1783 2023 1943 2077 vere
1962 2054 1983 2091 ‚
2037 2001 2208 2073 alias
2239 2020 2600 2090 autumno,

620 2160 991 2239 postquam
1028 2155 1462 2231 pepererunt.
1565 2134 1716 2207 Iam
1746 2164 1908 2210 vero
1953 2134 2292 2234 quaedam
2319 2162 2358 2207 e
2387 2136 2597 2209 locu—

622 2270 745 2343 stis
782 2290 1021 2367 captae
1064 2288 1227 2341 sunt
1240 2323 1261 2360 ‚
1329 2294 1508 2366 quae
1551 2267 1798 2341 molles
1851 2290 2078 2368 partes
2125 2268 2310 2341 circa
2355 2288 2602 2365 pectus

616 2401 957 2477 haherent
976 2454 997 2491 ‚
1080 2419 1444 2496 propterea
1501 2401 1694 2498 quod
1753 2405 2059 2501 obrupta
2102 2422 2331 2475 crusta
2369 2400 2608 2473 fuisset

616 2538 758 2611 ibi:
808 2557 879 2608 at
908 2531 1516 2609 inferiooesduras
1559 2531 1866 2631 idcirco3
1935 2536 2102 2635 quia
2131 2534 2452 2611 nondum
2501 2535 2605 2607 ibi

616 2671 1091 2767 eircummpta
1124 2688 1314 2742 esset.
1435 2667 1687 2769 Neque
1735 2669 1918 2743 enim
1961 2667 2220 2741 eodem-
2251 2697 2398 2766 quo
2445 2696 2604 2742 ser—

618 2827 858 2904 pentes
896 2802 1111 2876 modo
1130 2824 1400 2877 exeunt.
1501 2803 1750 2877 Latent
1772 2804 2074 2878 locustae
2101 2802 2414 2900 quinque
2447 2801 2602 2873 cir-

619 2939 788 3011 citer
820 2961 1104 3009 menses·
1227 2936 1515 3011 Exuunt
1557 2938 1786 3011 cancri
1833 2962 2114 3034 quoque
2153 2954 2596 3012 senectutem.

618 3071 731 3146 Ac
762 3099 925 3145 sane
952 3070 1041 3143 de
1078 3070 1165 3143 iis
1198 3072 1325 3170 qui
1364 3072 1688 3145 molliore
1716 3090 2044 3167 teguntur
2077 3090 2340 3163 crusta,
2401 3068 2600 3143 nulla

618 3224 721 3278 est
748 3207 1245 3279 ⁶controuersia.
1397 3204 1623 3277 Aiunt
1673 3204 1883 3279 etiam
1931 3206 2060 3303 qui
2126 3204 2441 3298 duriore,
2521 3224 2598 3279 vt

618 3340 835 3411 maias
900 3359 970 3409 et.
1013 3339 1291 3413 vetulas,
1362 3338 1646 3436 (graus)
1746 3338 1838 3411 Et
1871 3364 2036 3411 cum
2063 3358 2362 3428 exuunt,
2419 3339 2602 3411 fiunt

618 3494 887 3547 crustae
912 3472 1185 3547 molles'
1205 3473 1516 3547 omnino.
1629 3472 1741 3546 Ac
1786 3472 2016 3545 caneri
2059 3467 2346 3567 quidem
2397 3467 2602 3543 haud
2655 3456 2674 3469 ³

619 3606 825 3682 valde
875 3605 1146 3704 ingredi
1196 3628 1480 3707 queunt.
1617 3600 1905 3681 Exuunt
1945 3603 2120 3673 haec
2165 3616 2308 3676 non
2353 3602 2596 3689 semel,

620 3739 744 3812 sed
808 3766 1028 3839 saepe.
1162 3742 1361 3828 Quae
1416 3741 1630 3837 igitur·
1697 3742 1951 3815 lateant
2029 3760 2100 3811 et
2135 3764 2140 3771 ·
2171 3734 2457 3834 quando
2529 3759 2599 3811 et

623 3874 986 3973 quomodo
1038 3903 1355 3976 quaeque
1414 3892 1667 3947 exuant
1719 3893 2142 3947 senectutem
2159 3926 2178 3965 ,
2273 3873 2414 3947 iam
2473 3870 2596 3945 di·-

624 4028 815 4081 Ctum
856 4030 974 4083 est·
