2917 4959
680 507 827 578 354
1266 498 2078 610 A-RIS'POTELIs

580 729 619 792 7
680 710 978 765 rostrum
1018 663 1239 758 latum
1279 703 1349 756 et
1382 682 1696 780 longum.
1801 683 1982 758 Item
2025 685 2296 762 eieonia
2331 709 2400 764 et
2435 695 2665 791 gauia.‘

674 827 797 899 Est
844 843 1075 896 autem
1124 817 1363 918 gauiae
1422 817 1620 890 color
1669 811 2006 894 cinereus.
2111 817 2202 894 Et
2249 823 2664 901 schoenilus

674 961 973 1058 (Gazae
1002 953 1245 1051 iunco)
1287 974 1357 1026 et
1396 951 1666 1026 cinclus
1697 973 1764 1026 et
1785 950 2114 1034 ,albieula
2133 1011 2154 1049 ,
2207 955 2662 1060 (pygargus)

673 1093 774 1192 [et
817 1089 1128 1194 trynga]
1192 1087 1263 1160 Is
1310 1106 1415 1160 est
1458 1086 1808 1159 maximus
1847 1085 2114 1160 horum
2153 1087 2663 1168 minutio-rum:

672 1248 925 1327 aequat
950 1225 1141 1300 enim
1153 1220 1466 1295 turdum.
1520 1221 1787 1298 Omnes
1813 1241 2046 1296 autem
2076 1221 2158 1295 hi
2187 1249 2452 1301 motant
2481 1257 2666 1302 cau-

678 1361 861 1436 dam.
964 1359 1056 1433 Et
1102 1353 1389 1432 ealidris
1405 1410 1427 1449 ‚
1510 1357 1856 1455 (Codicee
1919 1358 2239 1454 quidam
2299 1359 2661 1459 scandris,)

681 1523 859 1597 quae
894 1493 1171 1569 auicula
1202 1492 1476 1566 cinerea
1512 1512 1644 1578 est,
1711 1491 1835 1570 sed
1863 1493 2233 1591 variegata.
2335 1493 2458 1569 Ad
2487 1495 2659 1571 haec

679 1627 1097 1704 alcedonum
1134 1625 1415 1726 [vulgo
1440 1625 1950 1728 lusciniarum]
1985 1653 2199 1727 genus
2220 1629 2410 1703 iuxta
2441 1659 2658 1731 aquas

678 1765 902 1864 agitat.
988 1763 1159 1836 Eius
1184 1784 1349 1836 sunt
1374 1759 1558 1834 duae
1585 1761 1877 1860 species:
1931 1791 2232 1862 quarum
2263 1765 2478 1860 altera
2514 1791 2660 1841 vo-

678 1899 849 1974 calis
916 1918 1019 1973 est
1032 1951 1053 1992 ‚
1140 1892 1534 1996 insidetqne
1593 1894 2092 1970 arundinibus:
2163 1897 2374 1972 altera
2427 1884 2663 1995 vmuta‚'

680 2059 861 2133 quae
890 2030 1119 2108 maior
1146 2053 1265 2106 est.
1320 2031 1626 2130 Vtrique
1659 2029 1950 2106 dorsum
1977 2035 2398 2108 eaemleum.
2445 2035 2662 2108 Circa

680 2195 873 2242 mare
908 2188 979 2243 et
1008 2163 1247 2244 alcedo
1274 2187 1342 2242 et
1370 2167 1664 2268 cerylus.
1761 2165 1906 2240 Sed
1939 2186 2008 2240 et
2034 2167 2346 2241 cornices
2370 2168 2661 2276 aluntur

678 2303 1093 2377 animalibus
1124 2331 1165 2377 e
1192 2302 1369 2375 mari
1402 2301 1672 2375 eiectis:
1723 2302 1954 2376 omnis
1981 2301 2172 2375 enim
2197 2301 2476 2400 'generis‘
2497 2303 2658 2378 cibo

676 2437 983 2509 aluntur.
1059 2433 1417 2509 Praeterea
1452 2435 1658 2532 gauia
1685 2432 2019 2528 candida,
2071 2455 2140 2509 et
2171 2435 2412 2529 fulica,
2447 2443 2662 2536 (cep-

673 2569 913 2671 phuffi)
944 2591 1013 2643 et
1047 2597 1345 2670 mergus,
1372 2568 1730 2672 (ainwa)
1765 2591 1836 2642 et
1863 2569 2300 2644 charadrius.
2353 2549 2660 2666 [Gazae

580 2717 620 2776 8
687 2705 967 2810 rupem]
986 2707 1186 2794 Quae
1213 2686 1287 2782 in
1318 2727 1568 2805 genere
1589 2701 2075 2806 palmipedum
2100 2727 2268 2778 sunt
2281 2707 2659 2805 grauiores,

676 2844 947 2914 circum
996 2844 1255 2917 fluuios
1296 2863 1363 2915 et
1402 2837 1693 2939 paludes
1737 2839 1998 2939 agitant
2015 2895 2038 2934 ‚
2087 2861 2168 2916 vt
2211 2843 2403 2934 olor,
2449 2867 2658 2936 anas,

673 2973 1025 3075 phalaris,
1074 2975 1437 3052 vrinatrix.
1473 2974 1898 3078 (only-rubis.)
1937 2975 2028 3048 Et
2053 2975 2317 3062 boscas,
2345 2978 2659 3074 (pascula

680 3110 1130 3208 Scaliger-0)
1169 3139 1348 3213 quae
1379 3111 1568 3185 anati
1603 3109 1882 3204 similis,
1923 3109 2050 3185 sed
2074 3113 2316 3188 minor
2341 3133 2462 3185 est.
2539 3110 2659 3186 Ad

676 3245 850 3320 haee
908 3247 1005 3334 is,
1050 3245 1209 3349 qui
1262 3265 1550 3323 vocatur
1595 3248 1870 3320 ceruus.
1975 3244 2046 3318 Is
2096 3247 2407 3320 ciconiae
2453 3247 2661 3321 refert

676 3381 1269 3482 magnitudinem:
1320 3403 1627 3458 ceterum
1673 3381 1999 3456 cruribus
2041 3399 2142 3452 est
2179 3379 2655 3454 breuioribus,

677 3519 901 3592 Palmi
908 3543 1027 3618 pes
1062 3540 1163 3592 est
1178 3573 1200 3612 ,
1252 3540 1320 3593 et
1343 3513 1558 3593 nandi
1593 3539 1876 3616 potem,
1923 3515 2156 3588 colore
2197 3511 2412 3609 niger.
2519 3513 2658 3588 In-

671 3649 857 3725 sidet
896 3672 964 3728 et
984 3653 1377 3748 arboribus,
1428 3654 1506 3729 in
1535 3656 1798 3755 quibus
1829 3650 2033 3724 etiam
2066 3643 2260 3720 solus
2301 3645 2657 3744 aquatica-

668 3811 840 3859 ·rum
884 3787 1269 3864 nidulatur.
1371 3789 1464 3864 Et
1509 3817 1709 3864 anser
1725 3844 1748 3881 ,
1797 3807 1862 3859 et
1891 3809 2092 3858 anser
2126 3782 2366 3858 minor
2399 3810 2650 3882 grega-

674 3919 839 4016 tilis,
894 3945 961 3998 et
992 3927 1390 4036 vulpanser,
1440 3946 1508 4000 et
1543 3921 1834 4022 capella,
1866 3945 1936 3998 et
1959 3923 2317 4024 penelops.
2367 3919 2648 3992 Mariua

674 4054 909 4153 iqui-la
958 4081 1027 4136 et
1054 4065 1239 4143 circa
1274 4089 1469 4142 mare
1501 4062 1750 4162 agitat,
1811 4081 1882 4138 et
1909 4061 2238 4136 lacustres
2267 4083 2486 4158 aquas
2515 4051 2650 4142 dee
