2917 4959
606 469 610 474 ·
699 471 845 542 DE
896 469 1709 570 ANIMAL.H15'P.
1759 473 1944 544 vm.
2003 479 2066 546 3.
2205 481 2348 550 525

362 676 491 756 per
522 653 765 747 densa,
820 684 981 730 cum
1024 657 1115 729 sit
1148 655 1484 730 subtilior
1518 655 1735 749 mari,
1785 679 2119 733 concocta
2151 653 2352 734 scili-

360 813 506 866 cet:
592 789 1193 891 quemadmodum
1238 792 1447 866 etiam
1477 819 1544 876 va
1599 791 1956 890 principio
2015 797 2342 870 nascitur.
2393 823 2400 828 ·

364 930 570 1030 Quae
596 949 825 1002 autem
858 925 1187 1024 potabilis
1210 955 1392 1025 aqua
1424 927 1501 999 in
1537 926 1716 1000 mari
1743 947 1876 1019 est,
1931 928 2004 1000 in
2041 955 2124 1003 eo
2158 957 2348 1029 quo-

362 1091 503 1166 que
530 1063 879 1164 percolari
912 1087 1115 1161 posse
1140 1059 1584 1133 manifestum
1610 1081 1730 1132 est.
1785 1061 2098 1161 Contigit
2131 1065 2356 1158 enirm·

360 1220 435 1275 vt
486 1195 965 1297 experimento
1011 1189 1674 1292 deprehenderetur.
1793 1193 2028 1268 Tenui
2071 1200 2261 1272 enim
2311 1226 2350 1274 e

365 1357 535 1434 cera·
580 1355 703 1406 vas
746 1328 807 1400 si
853 1327 1013 1426 quis
1069 1330 1285 1426 fingat
1334 1348 1405 1400 et
1448 1329 1840 1427 obligatum
1901 1327 2217 1405 demittat
2271 1335 2348 1410 in

368 1493 559 1546 mare
589 1489 891 1539 vacuum
934 1452 1065 1560 per
1096 1483 1375 1536 noctem
1424 1483 1494 1534 et
1521 1463 1748 1554 diem,
1803 1463 2063 1561 excipit
2094 1492 2350 1565 aquam

368 1602 529 1675 satis
556 1600 855 1673 multam
870 1651 890 1690 ,
944 1623 1127 1696 quae
1154 1597 1305 1670 sine
1336 1595 1810 1672 controuersia
1841 1595 1930 1670 ad
1957 1598 2354 1696 potandum

363 1759 463 1813 est
494 1733 698 1811 Vtilis.
791 1731 1078 1807 vrticae
1110 1754 1341 1805 autem
1372 1753 1746 1806 vescuntur
1777 1731 2163 1830 pisciculis,
2216 1736 2344 1834 qui

364 1872 455 1968 ad
485 1899 595 1946 eas
636 1867 887 1967 allapsi
932 1867 1211 1940 fuerint.
1317 1867 1599 1940 Habent
1630 1867 1820 1939 enim
1851 1866 1928 1938 in
1961 1867 2198 1942 medio
2229 1894 2347 1944 os:

368 2003 565 2106 quod
593 2001 987 2078 euidentius
1015 2000 1093 2075 in
1124 2000 1512 2079 maioribus
1541 2021 1661 2073 est.
1736 1997 1854 2071 Ao
1877 2000 2346 2099 quemadmo-

362 2143 537 2216 dum
586 2161 851 2215 ostreae
896 2137 1214 2209 foramen
1273 2135 1538 2210 habent
1551 2189 1572 2227 ‚
1657 2161 1802 2235 quo
1849 2109 2108 2238 'secedit
2157 2135 2344 2208 foras

362 2277 594 2349 cibus:
658 2294 866 2382 atque
915 2268 993 2340 id
1014 2269 1304 2356 ‘habent
1349 2289 1547 2367 parte
1591 2271 1964 2368 superiore.
2067 2268 2344 2342 Similis

362 2412 553 2486 enim
595 2428 981 2484 ostrearum
1027 2424 1275 2476 natura
1318 2403 1560 2479 vrticis
1595 2425 1730 2499 θεῖς
1781 2426 1856 2480 vt
1891 2431 2132 2478 aarum
2177 2432 2340 2480 car..

361 2572 531 2636 nosa
578 2569 739 2644 pars
797 2538 889 2610 sit
914 2533 1129 2637 ‘quod
1181 2536 1472 2613 interior
1531 2562 1952 2614 ostrearum:
2030 2559 2101 2610 at
2148 2539 2354 2636 ipsae·

360 2697 641 2752 vtantur
666 2701 831 2748 saxo
850 2695 1186 2773 tanquam
1208 2693 1399 2746 testa.
1442 2671 1858 2772 [Patellae
1887 2697 2176 2764 quoque
2209 2670 2338 2742 ab·-

2405 1740 2444 1800 3

356 2815 653 2884 solutae
701 2810 1275 2900 transmigrant
1324 2821 1401 2877 et
1433 2806 1921 2906 pascuntur]
1957 2805 2157 2894 Quae
2203 2833 2339 2879 au·-
2388 2804 2432 2870 4

360 2967 500 3018 tem
538 2963 811 3016 mutant
858 2941 1099 3016 locum
1114 2964 1151 3035 ,⁰
1201 2940 1459 3039 partim
1491 2961 1866 3014 vescuntur
1915 2939 2350 3014 animalibus=

362 3079 783 3173 alunturque
820 3073 1181 3172 pisciculis
1222 3073 1514 3150 minutis
1528 3129 1549 3168 ,
1607 3094 1686 3150 vt
1715 3101 2050 3173 purpura.
2151 3074 2344 3146 Car--

360 3211 615 3285 niuora
647 3207 835 3281 enim
868 3231 1003 3304 θεῖς
1053 3231 1263 3307 atque
1290 3208 1557 3284 idcirco
1585 3207 1932 3310 eiusmodi
1971 3211 2178 3282 rebus
2208 3209 2331 3282 in-

362 3364 644 3418 escatur.
760 3339 1028 3416 Partim
1074 3341 1161 3411 iis
1202 3343 1508 3437 aluntur,
1559 3371 1740 3444 quae
1787 3342 1862 3413 in
1905 3342 2086 3414 mari
2117 3344 2342 3441 plan--

357 3499 589 3551 tarum
614 3496 865 3550 natura
903 3473 1250 3547 oriuntur.
1330 3475 1455 3552 ,At
1477 3478 1786 3552 marinae
1817 3475 2190 3552 testudines
2231 3493 2330 3545 et·-

352 3613 495 3686 iam
520 3609 811 3686 conchis
840 3627 1249 3683 vescuntur:
1268 3635 1389 3684 ore
1414 3613 1605 3684 enim
1637 3609 2116 3686 robustissimo
2140 3625 2336 3678 sunt:
2415 3643 2420 3652 ·

357 3745 853 3840 Quodcunque
907 3745 1099 3824 enim
1150 3745 1582 3844 corripiunt,
1667 3767 1814 3818 aut·
1845 3741 2150 3842 lapidem
2182 3760 2340 3813 -aut

355 3874 550 3948 aliud
577 3873 787 3974 quid,
838 3879 1275 3968 confractum
1307 3875 1722 3976 depascitur.
1797 3877 2085 3975 Egressa
2115 3875 2334 3948 etiam·

350 4013 427 4084 in
484 4031 741 4082 terram
800 4009 1093 4086 herbam
1148 4013 1474 4111 pascitur.
1577 4012 1936 4088 Laborant
1981 4005 2067 4082 'ac
2119 4033 2324 4106 saepe
