2917 4959
678 464 820 532 DE
882 460 1361 532 ANIMAL.
1428 461 1715 532 HIST.
1767 463 1893 530 VI.
1949 487 2057 554 17.
2196 464 2340 556 267

376 648 694 750 pariunt„
750 673 831 722 ac
879 645 969 722 de
1018 644 1177 745 ipso
1222 642 1514 719 homine
1561 639 1854 718 dicenda
1901 666 2064 720 sunt
2109 643 2350 718 eadem

378 782 641 858 ratione
657 835 677 874 ,
740 805 1201 880 quaecunque
1262 799 1506 854 natura
1557 776 1835 852 euenire
1898 777 2142 852 solent.
2213 778 2352 882 ,Dc

373 918 565 992 coitu
596 915 829 1014 igitur,
858 943 1177 1016 quaeque
1205 911 1584 1014 peculiaria
1613 939 1930 1014 quaeque
1955 912 2356 986 eommunia

375 1071 628 1142 essent,
679 1048 947 1124 dictum
974 1069 1093 1123 est.
1163 1049 1560 1126 Commune
1587 1068 1819 1120 autem
1849 1047 2168 1120 omnium
2193 1045 2354 1120 ani-

372 1184 675 1259 malium
718 1203 857 1275 est,
909 1203 987 1256 vt
1024 1182 1381 1278 voluptate
1424 1199 1496 1252 et
1531 1179 1863 1276 cupidine
1891 1203 2174 1279 propter
2200 1180 2356 1254 coi-

375 1337 531 1388 tum
574 1315 841 1390 soleant
878 1312 1230 1388 solicitari.
1332 1311 1666 1412 Inprimis
1707 1313 2002 1386 feminae
2039 1313 2355 1388 difficiles

376 1468 540 1522 sunt
552 1502 575 1541 ,
592 1451 711 1526 vbi
734 1448 1159 1548 pepererint3
1194 1475 1419 1524 mares
1445 1469 1759 1545 tempore
1789 1446 2108 1522 coeundi.
2162 1449 2354 1522 Mor-

380 1578 547 1654 dent
578 1583 769 1656 enim
812 1583 979 1682 equi
1026 1609 1283 1682 equOS,
1330 1601 1399 1654 et
1444 1579 1788 1656 deiiciunt
1833 1605 2122 1656 sessores
2151 1605 2359 1684 atque

374 1741 489 1788 eos
516 1714 953 1796 insectantur.
1034 1717 1211 1790 Sues
1238 1743 1528 1816 quoque
1559 1717 1692 1790 feri
1715 1716 2174 1816 perditissime
2201 1745 2358 1794 sae-

374 1850 579 1924 viunt
593 1905 615 1946 ,
664 1877 1071 1950 quanquam
1116 1852 1205 1924 ab
1236 1850 1504 1927 coitum
1544 1869 1857 1948 tempore
1883 1851 2024 1929 hoc
2061 1853 2358 1928 maxime

376 1983 517 2058 sint
555 1984 915 2063 imbecilli.
1017 1985 1257 2084 Atque
1301 1984 1484 2058 inter
1522 2011 1594 2058 se
1620 2011 1885 2084 pugnas
1917 1986 2102 2061 cient
2127 1985 2362 2060 admi-
2415 2007 2458 2051 2

374 2117 649 2194 rabile's.
718 2119 1047 2220 Namque
1080 2119 1464 2194 affricantes
1497 2119 1587 2195 ad
1615 2122 1896 2194 arbores
1931 2141 2204 2218 tergora
2236 2122 2360 2192 lu·-

378 2270 597 2349 toque
620 2253 1079 2329 inci-natantes
1106 2278 1311 2352 saepe
1338 2271 1413 2326 et
1440 2253 1792 2348 resiccato,
1831 2281 2046 2354 quam
2077 2253 2361 2328 crassis-

378 2385 641 2460 simum
682 2389 821 2462 sibi
866 2407 1269 2487 comparant
1300 2388 1612 2482 corium,
1666 2409 1734 2463 ct
1761 2389 1896 2462 sibi
1923 2389 2214 2464 loricam
2241 2389 2364 2462 in·-

378 2517 647 2615 duunt3
697 2521 1007 2622 initaque
1051 2549 1285 2622 pugna
1328 2550 1371 2596 e
1416 2523 1738 2620 gregibus
1764 2521 2092 2621 (lustris)
2113 2511 2362 2623 expel-

374 2654 625 2728 luntur
670 2658 1201 2756 (prorumpunt)
1236 2657 1409 2734 adeo
1440 2656 1584 2728 acri
1601 2709 1624 2748 ,
1674 2679 1752 2733 vt
1781 2660 1990 2732 ambo
2019 2687 2362 2758 saepenu-

374 2815 577 2865 mero
615 2790 973 2866 intereant.
1074 2790 1275 2864 Idem
1307 2821 1466 2868 mos
1493 2791 1709 2868 tauris
1737 2817 2026 2890 quoque
2068 2795 2150 2876 eti
2179 2793 2366 2866 arie·-

377 2905 571 2996 tibua
618 2946 688 2998 et
743 2925 994 2998 hircis:
1046 2951 1213 2998 cum
1264 2953 1393 3003 suo
1442 2927 1632 3002 enim
1681 2927 1950 3028 quique
1997 2926 2074 3000 in
2119 2955 2368 3026 genere

379 3057 719 3153 gregatim
762 3084 1193 3156 compascere
1222 3061 1522 3155 soleant,
1573 3062 1798 3136 coitus
1833 3081 2148 3158 tempore
2178 3062 2370 3138 sedi-

385 3190 579 3263 tione
626 3209 895 3274 mutua,
932 3193 1111 3268 facta
1158 3195 1604 3292 praeliantur.
1713 3195 2035 3271 Camelus
2085 3225 2380 3300 quoque
2437 3267 2448 3278 .

382 3351 533 3398 mas
572 3322 955 3396 solicitatus
1001 3328 1191 3400 coitu
1237 3327 1431 3402 haud
1476 3328 1676 3402 facile
1707 3326 1942 3402 aditur
1972 3331 2084 3406 vel
2115 3335 2202 3406 ab
2227 3333 2370 3410 ho-

382 3456 573 3532 mine
604 3459 715 3534 vel
740 3485 781 3538 a
808 3460 1091 3534 camelo.
1160 3459 1347 3544 Nam
1364 3462 1630 3562 alioqui
1645 3489 1918 3563 semper
1945 3484 2154 3564 atque
2175 3468 2370 3540 omni

385 3591 473 3664 de
516 3619 753 3666 caussa
803 3621 985 3680 cum,
1006 3621 1192 3694 equo
1220 3596 1490 3670 bellum
1525 3596 1721 3692 gerit.
1823 3596 2038 3672 Ferae
2079 3625 2366 3698 quoque
2429 3607 2470 3670 3

386 3722 621 3836 nil-iilo
659 3727 879 3801 secius
904 3750 1133 3828 agunt.
1239 3728 1526 3829 Quippe
1553 3729 1642 3804 ad
1671 3757 1888 3824 vrsos,
1939 3731 2166 3828 lupos,
2216 3733 2374 3806 leo-

387 3881 509 3930 nes
538 3853 677 3929 hoc
704 3857 951 3932 eodem
978 3883 1289 3962 tempore
1314 3891 1461 3941 non
1493 3865 1643 3940 sine
1674 3863 1984 3966 pernicie
1999 3861 2369 3938 acceditur.

388 3987 581 4064 Inter
623 4017 697 4066 se
742 4013 973 4070 autem
1001 3999 1233 4078 minus
1276 4021 1622 4096 pugnant,
1669 4019 2037 4098 propterea
2062 3998 2262 4100 quod
2289 4025 2372 4076 eo
