2917 4959
538 411 751 523 'DE
808 451 1275 524 ANIMAL.
1338 451 1617 522 ms'r.
1685 457 1798 524 111.
1875 476 1939 527 2.
2151 475 2238 548 91

284 641 689 717 interiorem
736 636 1034 738 poplitis
1081 659 1371 738 partem·
1396 634 1485 710 ad
1533 663 1738 710 crura
1777 659 1846 712 et
1885 639 2250 715 malleolos

286 777 647 852 interiores
698 775 791 849 ad
851 773 1095 875 pedes:
1176 775 1267 850 de
1314 777 1576 875 quihus
1639 773 1902 852 idcirco
1965 775 2255 848 mittunt

285 913 691 1011 sanguinem
731 914 803 986 in
838 911 1108 1011 poplite
1150 933 1360 1012 atque
1403 909 1768 1005 malleolo,
1819 937 1986 984 cum
2029 911 2260 982 lumbi

284 1069 351 1120 et
406 1069 611 1121 testes
662 1047 867 1130 male,
894 1047 1171 1120 habent.
1274 1046 1596 1121 Tertium
1651 1075 1782 1148 par
1827 1074 2166 1123 venarum
2213 1071 2254 1117 a
2320 1075 2360 1135 9

284 1183 725 1282 temporibus
764 1207 895 1280 per
922 1183 1225 1255 oeruices
1256 1183 1386 1256 sub
1414 1183 1718 1282 scapulis
1749 1184 1824 1255 in
1853 1185 2258 1280 pulmonem

282 1316 716 1410 deueniunt‚
782 1316 1063 1391 dextrae
1124 1317 1592 1392 sinistrorsnm
1649 1319 1784 1390 sub
1843 1345 2220 1390 mammam
2235 1371 2258 1408 ,

286 1472 361 1524 et
390 1449 467 1522 in
500 1451 752 1525 lienem
780 1481 859 1525 ac
892 1477 1171 1546 renem3
1224 1453 1538 1526 sinistrae
1565 1450 2008 1526 dextrorsum
2035 1480 2074 1524 a
2092 1451 2262 1550 pul-

284 1613 499 1662 mone
528 1588 659 1660 suh
686 1613 1063 1673 mammam
1098 1608 1165 1660 et
1194 1587 1389 1660 iecur
1412 1605 1483 1660 et
1514 1608 1768 1660 renem.
1871 1586 2268 1660 Ambarum

282 1722 445 1794 finis
472 1723 551 1794 in
582 1743 747 1797 teste
775 1721 945 1820 [ano
971 1723 1323 1791 meliores
1356 1719 1702 1820 Codices]
1735 1745 1851 1795 est.
1957 1721 2264 1809 Quartus

288 1854 467 1930 ordo
520 1859 609 1930 ab
664 1860 1005 1932 anteriore
1066 1857 1313 1956 eapitis
1362 1875 1560 1954 pane
1607 1827 1812 1956 atque
1861 1856 2084 1931 oeulis
2131 1849 2264 1930 σιὼ

289 1992 555 2064 collum
590 2013 657 2066 et
686 1975 1064 2067 clauiculzis
1081 2047 1103 2085 ,
1136 2013 1205 2065 et
1232 1987 1405 2064 inde
1429 2017 1558 2088 per
1579 1990 2034 2066 brachiorum
2064 2018 2264 2065 sum-

286 2153 399 2198 ma
442 2124 599 2200 loca
648 2127 737 2201 ad
781 2131 1092 2202 cubitos:
1168 2146 1409 2224 postea
1460 2151 1592 2225 per
1645 2127 1844 2200 vlnus
1891 2125 1979 2202 ad
2017 2153 2268 2198 manus

285 2260 823 2332 commissuram
866 2283 935 2333 et
970 2261 1257 2358 digitos3
1322 2282 1391 2333 et
1430 2289 1558 2364 per
1602 2261 1950 2336 deuexam
1989 2259 2269 2334 brachii

291 2414 574 2491 partem
618 2395 751 2466 sub
792 2379 1074 2490 axilias3
1138 2422 1217 2469 ac
1244 2423 1373 2495 per
1409 2420 1628 2472 costas
1673 2425 1968 2498 superne
1981 2455 2002 2492 ,
2051 2421 2269 2497 vsque

292 2527 475 2603 dum
522 2517 731 2603 altere
764 2528 854 2601 a'd
892 2523 1185 2624 lienem',
1236 2533 1449 2606 altera
1483 2532 1571 2606 ad
1613 2533 1806 2608 iecur
1843 2533 2268 2622 demittatur,

290 2663 719 2764 tandemque
760 2667 1005 2738 ambae
1041 2693 1253 2765 super
1294 2689 1540 2745 ventre
1579 2668 1900 2745 desinant
1944 2669 2034 2741 ad
2066 2669 2272 2766 geni-

290 2805 418 2876 tale
982 2805 989 2814 '
1725 2812 1733 2820 “
1773 2811 1780 2819 ”

372 2937 613 3012 ΟΑΡ.
664 2937 759 3012 II.
816 2937 1107 3038 (Textus
1140 2957 1207 3012 et
1234 2939 1447 3037 vulgo
1480 2937 1611 3012 III.
1651 2939 2003 3037 scaligero
2034 2939 2198 3037 IV.)

446 3073 645 3146 Haec
670 3073 811 3148 fere
842 3097 1004 3148 sunt
1022 3131 1043 3170 ‚
1094 3100 1273 3174 quae
1307 3075 1395 3147 ab
1421 3075 1577 3148 aliis
1607 3077 2017 3176 accepimus.
2089 3077 2272 3149 Sunt

297 3235 472 3284 vero
498 3207 859 3301 nonnulli,
908 3208 1034 3309 qui
1048 3264 1073 3302 ,
1126 3237 1292 3283 cum
1324 3209 1414 3285 de
1436 3228 1681 3285 natura
1715 3211 2090 3285 scriberent
2106 3267 2126 3305 ‚
2181 3209 2271 3285 ad

298 3371 636 3420 venarum
690 3365 920 3419 tamen
964 3323 1288 3456 naturam
1340 3345 1744 3445 diligentius
1791 3345 2273 3448 explicandam

298 3483 614 3554 animum
658 3507 873 3552 suum
914 3479 1205 3552 minime
1237 3483 1696 3580 appulerunt:
1748 3481 1993 3558 rerum
2034 3505 2275 3556 omnes

297 3617 619 3690 similiter
646 3644 817 3690 cum
847 3617 925 3689 in
959 3641 1035 3687 ca
1038 3614 1183 3712 pite
1210 3638 1416 3716 atque
1444 3619 1736 3692 cerebro
1767 3589 2104 3694 venarum
2131 3635 2276 3687 sta-

300 3770 515 3822 tuunt
548 3748 780 3842 initia,
832 3757 991 3822 non'
1010 3757 1197 3823 recte
1242 3750 1563 3826 sentiunt.
1671 3749 2014 3839 Quamuis
2046 3767 2276 3824 autem

299 3881 427 3975 sit,
464 3903 541 3957 vt
568 3903 767 3958 antea
792 3883 1119 3979 diximus,
1153 3883 1459 3960 difficilis
1485 3886 1829 3986 inspectio
1859 3909 1927 3960 et
1959 3903 2277 3989 contem-

246 4055 251 4062 ·
296 4017 559 4117 platiO,
608 4039 839 4098 tamen
867 4022 929 4095 si
957 4023 1115 4122 quis
1139 4049 1421 4124 operam
1448 4025 1619 4102 velit
1641 4015 2067 4121 impendere,
2118 4015 2277 4091 satis
