2917 4959
652 471 793 560 DE
858 467 1333 539 ANIMAL:
1394 469 1676 539 HIST.
1741 471 1870 541 IX.
1945 475 2059 544 25.
2192 477 2328 544 421

356 675 512 730 tunt
571 654 1013 732 Vniuersum:
1085 649 1262 751 quin
1306 651 1515 726 etiam
1557 653 1892 726 amissum
1935 654 2022 730 de
2067 657 2336 758 integro
2429 693 2435 707 ·

348 813 657 890 augetur.
756 787 859 863 At
890 785 1081 886 sepia
1095 835 1117 872 ,
1168 785 1769 884 quemadmodum
1800 786 2068 864 dictum
2091 813 2194 864 est
2209 847 2230 885 ,
2269 811 2338 867 et

345 945 727 1020 atramento
762 949 963 1021 saepe
995 921 1212 997 vtitur
1254 946 1388 1019 pro
1430 922 1762 1015 latibulo,
1817 944 1888 997 et
1919 951 2082 996 cum
2117 951 2340 1024 pror-

342 1085 503 1132 sum
546 1060 651 1134 ire
680 1051 1150 1143 simulauerit,
1186 1053 1574 1133 reuertitur
1605 1056 1678 1128 in
1725 1083 1936 1128 suum
1982 1081 2334 1133 atramen-

342 1215 515 1266 tum.
599 1191 917 1265 Venatur
962 1185 1171 1258 etiam
1214 1186 1441 1284 longis
1497 1186 1870 1261 tendiculis
1918 1217 2063 1265 non
2097 1194 2332 1270 solum

342 1325 717 1426 pisciculos
745 1319 1053 1394 minutos
1066 1372 1087 1412 ,
1100 1345 1347 1395 verum
1372 1293 1580 1394 etiam
1609 1347 1812 1419 saepe
1841 1323 2154 1420 mugiles.
2192 1327 2326 1401 Po-

341 1461 551 1561 lypus
592 1479 825 1531 autem
865 1455 1115 1527 stultus
1161 1474 1296 1526 est:
1343 1453 1608 1530 accedit
1655 1456 1846 1530 enim
1875 1457 1966 1531 ad
2009 1457 2324 1532 hominis

341 1621 628 1668 manum
674 1591 1063 1666 demissam.
1166 1587 1486 1664 Prudens
1539 1611 1767 1665 tamen
1817 1592 1926 1668 rei
1962 1593 2326 1666 familiaris

340 1751 458 1804 est.
562 1727 825 1801 Omnia
867 1725 1059 1798 enim
1100 1726 1411 1822 congerit
1448 1725 1528 1799 in
1555 1726 1822 1818 cubile,
1873 1707 2069 1826 quod
2108 1727 2324 1801 inha-

337 1835 533 1936 hiiat.
627 1860 775 1936 Vbi
806 1885 973 1935 vero
1004 1885 1185 1958 quae
1214 1859 1367 1934 vsui
1408 1861 1712 1936 maxime
1735 1858 1878 1933 sint
1905 1861 2324 1958 absumpse-
2409 1957 2426 1974 ν

340 1998 465 2089 rit,
518 1995 707 2102 eiicit
740 2015 942 2070 testas
966 2014 1035 2070 et
1056 1995 1417 2093 putamina
1452 2021 1868 2068 cancrorum
1901 2017 1970 2068 et
2003 1993 2318 2070 concha-

339 2160 500 2205 rum
546 2151 617 2205 et
662 2131 963 2230 piscium
1008 2128 1259 2226 spinas.
1364 2129 1686 2204 venatur
1732 2127 1950 2225 pisces
2001 2129 2314 2204 colorem

335 2287 653 2359 mutam,
688 2263 1161 2361 efficiensque,
1202 2281 1278 2337 vt
1306 2261 1564 2361 quibus
1598 2259 1898 2335 haeserit
1930 2262 2311 2362 lapidibus,

332 2399 583 2473 similis
602 2398 710 2471 sit.
796 2396 959 2471 Hoc
994 2395 1185 2470 idem
1216 2395 1425 2470 etiam
1452 2393 1528 2467 in
1553 2417 1746 2472 metu
1775 2397 1968 2471 fauit.
2059 2399 2312 2472 Fertur
2335 2433 2416 2480 ιο

334 2563 376 2608 a
404 2529 849 2636 quibusdam,
879 2530 1021 2604 hoc
1060 2528 1249 2604 idem
1276 2530 1500 2604 facere
1529 2531 1829 2632 sepiam:
1879 2559 2092 2605 suum
2125 2532 2318 2606 enim

332 2669 643 2744 colorem
672 2668 869 2740 aiunt
896 2663 1275 2740 assimilare
1300 2665 1497 2756 loco,
1529 2663 1606 2734 in
1636 2691 1782 2763 quo
1814 2685 2147 2738 versatur.
2207 2665 2316 2736 Ex

334 2803 645 2904 piscibus
676 2801 834 2898 sola,
852 2799 1175 2899 squatina
1216 2796 1357 2872 hoc
1386 2817 1646 2896 potest:
1698 2818 1924 2872 mutat
1956 2796 2144 2872 enim
2185 2823 2317 2872 co-

336 2939 563 3012 lorem
578 2991 600 3032 ,
644 2939 825 3010 sicut
856 2935 1180 3036 polypus.
1282 2930 1702 3006 Paucissima
1725 2959 1975 3033 genera
2001 2932 2344 3034 polypo-·

337 3099 501 3146 rum
544 3069 911 3144 hi‘ennium
956 3067 1227 3142 viuunt.
1330 3065 1607 3142 Natura
1655 3071 1846 3144 enim
1885 3065 2090 3140 facile
2133 3091 2316 3138 con-

332 3203 635 3280 tabescit.
737 3201 1175 3300 Argumento
1236 3223 1373 3275 est:
1436 3229 1724 3301 pressus
1788 3203 1980 3278 enim
2043 3194 2320 3298 aliquid.

334 3365 612 3437 semper
668 3335 923 3412 emittit
938 3390 960 3429 ,
1028 3361 1113 3408 ac
1148 3334 1431 3408 tandem
1481 3338 1842 3416 euanescit.
1882 3316 1892 3326 ἱ
1946 3334 2356 3419 Patiuntur.

338 3474 483 3553 hoc
506 3451 864 3549 'foeminae
894 3489 1053 3570 post
1082 3449 1362 3567 partum
1382 3476 1624 3573 magis,
1655 3501 1737 3548 ac
1769 3469 2086 3570 stupidae
2111 3473 2316 3558 fiunt,

342 3634 573 3707 neque
600 3607 929 3682 fluctibus
957 3583 1243 3703 agitatae
1262 3606 1589 3682 sentiunt.
1661 3607 1894 3681 Facile
1921 3625 2205 3703 quoque
2232 3601 2321 3672 ab

345 3741 785 3817 vrinantibus
862 3767 1081 3850 manu
1150 3738 1542 3836 capiuntur.
1645 3741 1976 3816 Mucosae
2041 3760 2328 3838 quoque
2373 3813 2378 3821 ,

342 3873 653 3950 euadunt
668 3931 689 3970 ,
754 3901 983 3975 neque
1026 3873 1117 3948 ad
1159 3875 1562 3952 venandum
1609 3876 1981 3952 consistere
2031 3886 2323 3972 queunt.

349 4009 587 4086 Mares
620 4031 853 4086 autem
894 4009 1203 4085 coriacei
1244 4013 1429 4088 fiunt
1458 4031 1525 4086 et
1557 4010 1749 4084 lenti.
1790 4006 2098 4107 (lubrici
2136 4003 2331 4077 Sca-
