2917 4959
565 473 726 546 116·
1166 465 1943 543 ARISTOTELIS.
2009 479 2032 503 ·’

563 653 892 730 medulla.
961 652 1400 748 Quacunque
1425 650 1665 723 vinam
1699 647 1825 722 sed
1854 648 2331 747 incorruptam
2376 675 2541 722 car-

570 817 732 866 nem
765 783 1062 860 secueris
1075 838 1095 875 ,
1149 785 1290 859 exit
1315 783 1613 879 sanguis.
1699 781 1961 880 Suapte
1987 803 2229 856 natura
2262 784 2543 882 sanguis

572 947 779 1000 succo
797 963 804 968 ·
819 915 1046 992 dulcis
1085 938 1218 1010 est,
1270 913 1489 991 modo
1520 914 1611 986 sit
1650 940 1891 988 sanus:
1942 935 2011 989 et
2042 917 2276 990 colore
2305 919 2542 1010 ruber,

575 1056 722 1132 nisi·
739 1052 868 1152 qui
895 1072 1016 1124 aut
1041 1065 1291 1124 natura
1323 1068 1444 1124 aut
1464 1048 1723 1123 morbo
1754 1047 2054 1124 deterior
2080 1069 2213 1122 est:
2268 1050 2329 1122 is
2356 1050 2546 1125 enim
2660 1117 2673 1126 .

575 1190 844 1286 nigrior
895 1206 1012 1260 est
1111 1183 1187 1258 'N
1190 1209 1372 1282 eque
1401 1181 1637 1258 ,valde
1683 1205 1947 1254 crassus
1966 1235 1989 1274 ,
2074 1209 2301 1282 neque
2348 1180 2549 1258 valde

579 1326 810 1398 tenuis
843 1321 1150 1422 optimus
1181 1338 1318 1410 est,
1368 1320 1422 1390 si
1460 1341 1607 1392 non
1638 1315 1724 1389 sit
1752 1318 1867 1392 vel
1888 1318 2139 1393 morbo
2168 1317 2282 1391 vel
2307 1337 2552 1389 natura

483 1495 528 1542 2
589 1458 891 1535 vitiatus.
970 1455 1082 1526 Ac
1107 1451 1438 1550 tantisper
1468 1449 1736 1537 calidus
1772 1470 1839 1521 et
1866 1448 2183 1546 liquidus
2202 1505 2225 1544 ,
2276 1450 2453 1524 dum
2480 1451 2559 1524 in

583 1617 880 1689 corpore
922 1586 1094 1662 viuo
1111 1641 1118 1648 .
1138 1603 1272 1656 est:
1323 1583 1497 1658 fou-is
1538 1601 1771 1654 autem
1808 1584 2191 1658 concrescit
2210 1585 2556 1680 omnium,
2618 1557 2625 1564 .

587 1743 1072 1824 praeterquam
1101 1717 1296 1791 cerui
1340 1739 1408 1792 et
1437 1716 1721 1808 damae,
1774 1715 2065 1815 (procos
2082 1716 2159 1814 ,)·
2195 1739 2263 1791 et
2294 1719 2354 1792 si
2382 1717 2559 1816 quid

587 1854 902 1934 eiusdem
938 1875 1224 1929 naturae
1247 1872 1382 1926 est:
1431 1870 1821 1930 ceterorum
1838 1851 2171 1929 omnium
2202 1853 2559 1951 spissatur,

591 1993 730 2066 nisi
761 1989 1150 2064 eximantur
1171 1987 1410 2062 fibrae.
1447 1983 1868 2061 ,Taurorum
1882 1985 2176 2082 sanguis
2202 1987 2561 2096 celerrime

595 2126 757 2201 coit.
859 2123 944 2197 In
989 2145 1240 2221 genere
1283 2118 1614 2216 sanguine
1654 2137 2141 2192 concretorum
2170 2146 2353 2218 quae
2378 2119 2563 2194 intra

597 2287 670 2333 se
713 2275 1132 2353 conceptum
1177 2252 1434 2326 animal
1486 2251 1738 2344 edunt,
1786 2250 1951 2349 plus
1982 2249 2249 2327 habent
2274 2252 2566 2350 sangui-

596 2393 708 2466 nis
724 2444 745 2483 ‚
797 2413 1011 2487 quam
1045 2411 1160 2478 ea,
1213 2412 1394 2482 quae
1426 2387 1673 2464 codem
1706 2387 1780 2460 in
1812 2409 2061 2484 genere
2090 2411 2229 2460 oua
2258 2386 2561 2484 pariunt.

599 2523 800 2610 Quae
843 2539 1089 2594 natura
1119 2539 1238 2591 aut
1261 2518 1575 2592 instituto
1607 2519 1787 2593 vitae
1814 2518 1992 2591 bene
2019 2518 2288 2612 valent,
2339 2547 2569 2618 neque

598 2656 902 2729 multum
932 2650 1137 2728 valde
1164 2651 1460 2744 hahent,
1498 2651 1696 2751 quod
1726 2653 1959 2726 statim
1984 2679 2023 2738 ‚a
2046 2673 2216 2751 potu
2242 2653 2568 2748 (hostiis)

599 2789 872 2882 euenit3
924 2811 1153 2894 neque
1176 2812 1520 2884 paucum,
1572 2783 1770 2883 quod
1800 2785 2137 2884 contingit
2164 2785 2364 2878 valde
2394 2788 2566 2883 pin-

599 2921 870 3020 guibus.
972 2919 1272 3017 Pinguia
1317 2941 1392 2996 vt
1446 2946 1711 3018 purum
1728 2973 1749 3010 ,
1816 2921 1911 2993 ita
1966 2941 2219 3017 parum
2265 2918 2562 3000 hahent:

597 3074 668 3128 et
713 3079 858 3152 quo
901 3051 1116 3149 magis
1159 3054 1655 3151 pinguescunt,
1706 3073 1791 3128 eo
1838 3054 2074 3127 minus
2114 3053 2379 3133 habent
2400 3082 2573 3140 san?

597 3185 850 3284 guinis.
950 3187 1284 3285 Exangue
1323 3187 1515 3262 enim
1546 3186 1803 3284 pingue
1848 3206 1969 3260 est
2083 3186 2356 3285 Pingue
2386 3187 2573 3262 nihil

597 3317 959 3420 putrescit:
1022 3339 1092 3392 at
1133 3321 1410 3418 sanguis
1455 3340 1527 3394 et
1578 3319 1953 3417 sanguinea
2016 3323 2165 3420 ipsa
2210 3322 2571 3398 celerrime

597 3472 1006 3552 putrescunt
1020 3507 1042 3549 ,
1125 3453 1388 3532 horum
1431 3453 1726 3554 quidem
1768 3455 2141 3554 praecipue
2190 3479 2267 3527 ea
2280 3507 2303 3546 ,
2388 3479 2572 3551 quae

501 3589 544 3652 3
605 3588 878 3660 circum
907 3614 1060 3662 ossa
1085 3611 1265 3664 sunt„
1319 3587 1649 3663 Hominis
1674 3589 1957 3690 sang-uis
1985 3585 2427 3660 tenuissimus
2457 3609 2571 3665 at·-

595 3748 736 3819 que
764 3723 1180 3821 purissimus
1211 3747 1495 3816 eorum,
1528 3751 1711 3820 quae
1736 3720 2349 3821 animatpariunt:
2386 3723 2569 3834 tauri
2632 3789 2641 3798 ,

593 3871 664 3926 et
691 3853 865 3926 asini
893 3854 1350 3928 crassissimus
1383 3875 1450 3966 et
1478 3855 1919 3953 nigerrimus,
2022 3855 2114 3930 Et
2142 3855 2221 3931 in
2250 3855 2567 3962 partibus

589 3981 1037 4062 inferioribus
1079 4011 1313 4087 quam
1371 3987 1449 4063 in
1498 3991 1979 4104 superioribus
2026 3988 2345 4074 crassior..
2366 3993 2448 4073 fit
2490 4011 2559 4074 αι
