2917 4959
486 432 496 441 “
580 452 723 519 244
1171 434 1950 513 ARISTOTELIS

574 660 820 707 canere
882 628 1169 703 cuculus
1234 626 1502 725 incipit.
1608 624 2058 726 Conspicitur
2123 656 2290 706 vero
2339 624 2562 731 pai-uo

575 791 889 865 tempore
920 790 1047 863 per
1080 782 1438 856 aestatem3
1491 760 1727 834 hieme
1757 782 1988 835 autem
2019 766 2364 863 nuspiam.
2466 772 2566 845 At

509 976 519 989 ,
568 914 741 976 ‘vero
772 918 871 971 est
912 896 1245 997 accipiter
1280 872 1480 971 vncis
1509 896 1896 993 vnguihus:
1945 900 2240 973 cuculus
2263 928 2408 975 non
2439 912 2566 979 est.

574 1038 827 1131 Neque
878 1032 1103 1131 capite
1145 1030 1258 1103 illi
1288 1030 1542 1104 similis
1573 1051 1711 1125 est3
1763 1028 1885 1102 sed
1911 1032 2222 1133 Vtrisque
2245 1038 2563 1133 partibus

577 1164 815 1267 potius
847 1167 1249 1241 columbae:
1292 1164 1532 1239 colore
1562 1182 1832 1237 tantum
1862 1158 2264 1265 accipitrem
2291 1196 2563 1269 reprae-

582 1320 820 1373 sentat.
928 1298 1384 1407 Quanquam·
1422 1298 1787 1396 accipitres
1850 1298 2145 1372 maculis
2219 1301 2570 1404 linearum

582 1432 817 1535 specie
840 1454 1058 1524 sunt,
1110 1434 1403 1521 cuculus,⁴
1432 1432 1631 1531 quasi
1667 1432 1947 1530 punctis
1975 1432 2213 1532 potius
2238 1434 2566 1511 variatur.

578 1566 1009 1667 -Magnitudo
1056 1588 1289 1641 tamen
1334 1587 1401 1639 et
1440 1566 1714 1639 volatus
1756 1567 2008 1640 similis
2053 1569 2352 1645 minimo
2379 1570 2570 1644 acci-

578 1705 753 1804 pitri
769 1759 792 1798 ‚
843 1700 973 1801 qui
1006 1727 1133 1801 per
1167 1700 1248 1773 id
1284 1720 1558 1801 tempus
1605 1704 1750 1777 fere
1791 1726 1937 1774 non
1981 1724 2363 1800 comparet,
2415 1730 2562 1802 quo

582 1838 876 1913 cuculus
918 1832 1217 1912 videtur.
1320 1834 1510 1909 Nam
1555 1860 1720 1909 sane
1761 1835 1902 1907 iam
1947 1839 2156 1911 ambo
2207 1835 2338 1912 visi
2379 1860 2560 1910 sunt.

584 1973 787 2061 Quin
818 1992 1261 2071 perspectum
1294 1988 1431 2062 est,
1497 1971 1827 2075 cuculum
1861 1968 1949 2042 ab
1979 1970 2304 2071 accipitre
2333 1970 2565 2049 deuo-

585 2108 745 2181 rari.
847 2106 1073 2207 Atqui
1122 2104 1323 2181 nullo
1370 2104 1448 2176 in
1515 2130 1764 2203 genere
1811 2106 2049 2177 auium
2097 2130 2566 2205 congenerum

584 2241 727 2316 hoc
780 2241 1059 2316 euenire
1108 2243 1303 2317 solet.
1408 2240 1664 2313 Cuculi
1714 2241 1947 2339 pullos
1988 2261 2240 2339 negant
2286 2268 2325 2313 a
2375 2269 2566 2341 quo-

578 2376 774 2475 piam
804 2397 1227 2473 conspectos.
1296 2374 1400 2448 At
1427 2374 1552 2449 ille
1575 2373 1758 2473 parit
1787 2374 2074 2472 quidem
2091 2426 2113 2467 ,
2145 2374 2288 2451 sed
2313 2374 2566 2449 nidum

580 2511 862 2583 nullum
887 2510 1260 2607 construit3
1312 2536 1562 2587 verum
1589 2508 1664 2581 in
1695 2508 2054 2581 minorum
2083 2508 2326 2580 auium
2355 2506 2564 2603 nidis,

576 2644 932 2720 deauratis
980 2644 1275 2723 illorum
1307 2646 1499 2740 ουὶε,
1553 2640 1845 2744 deponit
1885 2642 2036 2742 ipse
2065 2670 2187 2717 sua
2204 2700 2227 2739 ‚
2279 2644 2566 2743 potissi-

580 2807 783 2851 mum
815 2762 1087 2853 veroin
1110 2781 1465 2879 palumbis
1499 2778 1696 2875 uide,
1749 2778 2100 2855 deum-atis
2135 2768 2356 2879 ipsius
2381 2780 2556 2854 ouis,

574 2909 873 3009 Singula
908 2914 1053 2988 fere
1076 2916 1298 3014 parit,
1354 2944 1512 2990 raro
1541 2916 1728 2990 bina.
1798 2915 1988 2988 Parit
2019 2936 2252 2990 autem
2283 2916 2360 2989 in
2391 2904 2562 2990 cur-

580 3068 788 3119 rucae
834 3044 1327 3149 (hypola‘idis)
1372 3077 1654 3150 quoque
1682 3048 1890 3145 nid03
1943 3070 2152 3149 atque
2185 3050 2310 3126 illa
2335 3039 2404 3127 et
2431 3078 2562 3127 ex-

574 3175 803 3249 ·cludit
838 3200 907 3259 et
938 3181 1205 3257 educat.
1311 3184 1477 3271 Quo
1508 3182 1808 3259 maxime
1834 3204 2150 3286 tempore
2177 3207 2244 3259 et
2277 3187 2562 3284 pinguis

576 3330 677 3385 est
718 3333 787 3385 et
830 3340 1037 3390 carne
1076 3318 1275 3391 suani
1322 3317 1412 3392 ad
1457 3319 1910 3395 vescendum:
1961 3318 2559 3420 quemadmodum

508 3488 515 3496 ·
574 3446 989 3546 accipitrum
1036 3475 1325 3554 quoque
1368 3453 1556 3553 pulli
1609 3438 1771 3531 sunt
1817 3476 1884 3531 et
1927 3455 2222 3555 pingues
2253 3470 2322 3523 et
2348 3450 2556 3524 suaui

572 3609 779 3656 carne
826 3584 1051 3660 valde.
1153 3588 1423 3662 Eorum
1487 3616 1702 3688 genus
1751 3586 2112 3688 quoddam
2161 3571 2558 3690 piaeruptis

566 3736 775 3818 atque
805 3720 1210 3821 longinquis
1239 3724 1315 3796 in
1344 3724 1525 3797 saxis
1557 3724 1918 3798 nidificat-e
1949 3726 2152 3801 solet:

870 3854 929 3929 C
970 3856 1055 3931 A'
1080 3857 1156 3932 P.
1260 3858 1464 3935 VIII.
1569 3854 1951 3957 (Scaligero
2055 3857 2252 3957 VII.)

568 3990 577 3999 ⁶
664 3986 939 4070 Auium
974 4022 1224 4099 magna
1251 4020 1413 4102 pars
1444 3991 1766 4089 incubat,
1817 3994 2421 4097 quemadmodum
2455 3994 2544 4073 de
