2917 4959
625 462 770 539 ⁸38
1234 462 1981 539 ARISTOTELIS

525 674 562 735 5
621 646 812 725 enim
844 678 926 727 ac
952 651 1124 725 situs
1163 651 1605 752 singulorum
1636 656 1739 729 sie
1762 682 1837 730 se
1865 655 2101 733 haben·
2192 660 2431 735 Prima
2458 690 2597 763 po-

620 807 1014 887 stremaque
1042 785 1133 861 ad
1161 808 1406 863 testam
1431 794 1840 867 membrana
1868 794 1991 867 oui
2022 814 2125 867 est
2142 847 2163 886 ,
2216 822 2363 869 non
2388 817 2601 871 testae

619 925 1059 1016 membrana,
1109 922 1233 997 sed
1266 928 1400 1001 sub
1429 950 1546 999 ea:
1594 947 1803 1027 atque
1833 930 1911 1001 in
1946 926 2082 1002 hac
2108 928 2443 1005 albumen
2476 934 2599 1006 in-

619 1079 719 1133 eat
749 1056 1168 1138 madidum:
1217 1057 1473 1134 deinde
1518 1062 1757 1160 pullus
1803 1062 2013 1156 inest,
2064 1086 2133 1137 et
2165 1091 2327 1138 eum
2356 1066 2599 1140 eonti-

617 1218 788 1269 nens
837 1196 1239 1269 membrana
1285 1218 1493 1295 atque
1538 1196 1637 1270 ita
1682 1218 2007 1295 separans
2026 1252 2047 1290 ,
2113 1219 2190 1274 vt
2236 1226 2325 1273 ne
2366 1200 2447 1273 iu
2494 1200 2598 1271 li·-

620 1352 846 1426 quore
881 1327 1012 1404 illo
1041 1330 1134 1402 ait
1163 1332 1392 1405 foetm
1427 1332 1594 1429 ipse.
1695 1330 1851 1403 Sub
1884 1333 2093 1431 pullo
2136 1354 2369 1407 autem
2396 1335 2607 1409 vitel-

615 1460 728 1537 lus
744 1518 765 1558 ‚
832 1464 910 1539 in
941 1490 1156 1563 quem
1193 1464 1517 1540 tendebat
1552 1464 1769 1541 altera
1796 1492 1970 1541 vena
2003 1468 2129 1541 illa
2144 1523 2166 1563 ,
2221 1472 2435 1543 altera
2466 1498 2601 1541 au-
2658 1540 2667 1546 ,

615 1620 760 1673 tem
817 1599 896 1671 in
959 1596 1539 1698 eimumpoeium
1594 1604 1942 1677 albumen.
2044 1602 2309 1677 Totum
2355 1624 2596 1677 autem

611 1732 756 1807 hoc
797 1734 1104 1805 ambitur
1151 1759 1192 1805 a
1230 1738 1675 1829 membrana,
1711 1737 1803 1808 ·iu
1848 1764 1987 1836 qua
2032 1760 2131 1811 ent
2179 1736 2442 1809 humor
2472 1762 2593 1811 sa·-
2624 1744 2631 1751 ’

613 1866 870 1943 niosua.
971 1866 1251 1943 Deinde
1289 1868 1692 1955 membrana
1722 1872 1861 1945 alia
1888 1871 2157 1951 circum
2184 1872 2417 1969 ipsum
2446 1869 2593 1943 iam

613 2002 992 2079 formatum
1039 2005 1307 2079 foetum
1322 2061 1345 2100 ,
1409 2004 2005 2107 quemadmodum
2052 2004 2399 2098 diximus,
2470 2028 2590 2077 se-

607 2166 862 2240 parans
925 2166 1089 2214 eum
1137 2142 1227 2213 ab
1275 2140 1599 2216 humore.
1699 2141 1851 2217 Sub
1900 2166 1985 2216 eo
2034 2161 2265 2215 autem
2310 2139 2607 2211 luteum·

607 2277 1014 2349 membrana
1075 2276 1289 2350 altera
1353 2264 1867 2352 circumdatum
1882 2332 1905 2371 ‚
1980 2276 2063 2349 in
2123 2270 2321 2374 quod
2364 2268 2595 2347 tendit

606 2406 983 2481 vmbilicus
1030 2434 1071 2477 a
1119 2406 1334 2480 eorde
1381 2428 1449 2482 et
1496 2438 1747 2508 magna
1794 2438 1973 2489 vena
2022 2412 2283 2501 feren83
2369 2408 2466 2479 ita
2514 2426 2593 2481 vt

521 2540 562 2603 6
602 2539 830 2614 foetum
867 2538 946 2613 in
995 2558 1244 2613 neutro
1287 2541 1381 2613 ait
1423 2540 1833 2617 humorum.
1942 2544 2149 2616 Circa
2190 2542 2591 2616 vicesimam

603 2694 840 2749 autem
861 2673 1088 2749 diem·
1111 2676 1255 2749 iam
1295 2702 1547 2752 vocem
1596 2660 1889 2771 emittit,
1942 2696 2015 2749 et
2050 2697 2293 2785 apem
2340 2703 2480 2751 ouo
2527 2676 2585 2747 si

605 2808 766 2909 quis
809 2836 976 2885 eum
1013 2834 1296 2887 moueat
1309 2868 1332 2906 ‚
1395 2834 1637 2889 mouet
1682 2838 1789 2887 ae:
1856 2832 2067 2911 atque
2110 2808 2279 2884 inde
2324 2810 2589 2910 plumis

605 2943 920 3037 vestitur,
967 2971 1138 3017 eum
1175 2948 1356 3021 vltra
1397 2949 1814 3025 vicesimum
1856 2946 2047 3022 diem
2088 2972 2235 3020 ouo
2280 2946 2581 3020 exuitur.

601 3078 830 3154 Tenet
869 3100 1104 3155 autem
1145 3102 1360 3181 caput
1403 3110 1619 3183 supra
1650 3082 1978 3155 dextrum
2008 3108 2169 3156 erus
2202 3080 2293 3155 ad
2322 3080 2423 3155 ile
2454 3082 2591 3155 sub

603 3214 733 3287 ala.
833 3212 1076 3313 Atque
1099 3242 1186 3289 eo
1213 3238 1525 3313 tempore
1558 3236 1843 3315 apparet
1869 3237 2025 3291 tum
2050 3216 2455 3293 membrana
2482 3240 2589 3291 se·

601 3344 1000 3423 eundarum
1025 3350 1494 3427 matricalium
1519 3353 1761 3445 vicem,
1780 3380 2042 3452 gerens,
2092 3376 2271 3452 quae
2298 3352 2430 3422 sub
2462 3348 2585 3423 vl-

605 3481 777 3559 tima
815 3504 1024 3559 testae
1059 3488 1467 3583 membrana
1494 3510 1631 3584 est,
1687 3487 1777 3561 ad
1806 3516 2017 3587 quam
2048 3482 2374 3559 tendebat
2404 3482 2585 3555 alter

603 3644 691 3716 ex
719 3621 1089 3696 vmbilieie.
1167 3622 1320 3698 Iam
1351 3646 1507 3698 tum
1530 3622 1771 3724 pullus
1800 3622 1876 3695 i‘n
1908 3646 1990 3694 eo
2014 3638 2198 3691 totus
2226 3637 2347 3691 est.
2410 3618 2617 3691 'At--

605 3780 746 3853 que
783 3756 992 3833 etiam
1019 3757 1256 3835 videre
1291 3782 1394 3834 est
1419 3761 1712 3834 alteram
1736 3757 2216 3832 membranam
2240 3750 2589 3839 secundi-2
2630 3855 2639 3863 ο

603 3914 770 3963 nam
783 3944 804 3984 ,
891 3918 1032 3991 qua
1081 3897 1388 3969 ambitur
1453 3898 1725 3969 luteum
1738 3950 1765 3989 ‚
1844 3912 1991 3993 quo
2040 3890 2213 3965 alter
2258 3887 2587 3987 tendebat

606 4022 1016 4103 mbilicum
1079 4052 1414 4131 ,quorum
1471 4050 1763 4131 vterque
1822 4049 1970 4107 erat
2030 4054 2071 4103 a
2134 4024 2348 4111 eorde
2408 4046 2479 4101 et
2540 4018 2609 4094 α’
