2917 4959
663 441 810 510 DE
873 439 1355 531 ANJMAL:
1416 425 1702 509 11'1‘s'r.
1754 440 1882 511 v1.
1938 444 2004 516 8.
2049 455 2119 541 9.·
2247 452 2386 522 245

410 627 759 707 coluinbis
789 626 1137 723 diximus,'
1188 625 1490 703 feminae
1517 654 1711 703 mare
1737 628 2180 705 succedente:
2233 636 2391 732 qui·

408 762 577 838 dam
614 790 841 838 marm
888 760 1157 837 tamdiu
1178 764 1478 855 -saltem,
1527 760 1706 837 dum
1737 764 1937 836 abest
1965 766 2228 839 femina
2257 768 2396 841 sihi

402 898 645 972 cibum
689 920 1045 997 quaerens.
1148 895 1251 969 At
1288 920 1564 969 anseres
1611 896 1914 972 feminae
1946 898 2136 973 solae
2179 900 2392 973 incu-

402 1034 573 1107 bant
617 1052 831 1133 atque
866 1050 1207 1129 perpetuo
1259 1027 1566 1103 insident
1580 1084 1602 1124 ,
1651 1052 2032 1131 postquam
2067 1032 2144 1105 id
2189 1060 2390 1132 agere

400 1165 857 1241 instituerint.
958 1162 1327 1238 Lacustres
1365 1190 1528 1237 aues
1565 1185 1854 1263 propter
1895 1167 2232 1264 palustria
2275 1190 2390 1241 at-

400 1325 553 1399 que
580 1267 879 1373 xherbida
907 1298 1097 1371 loca:
1150 1300 1604 1397 quamohrem
1634 1300 1838 1373 nullo
1871 1300 2152 1399 negotio
2179 1300 2388 1375 etiam

408 1434 489 1505 in
521 1434 677 1533 ipso
710 1432 1039 1505 incubatu
1068 1451 1361 1530 possunt
1386 1432 1524 1505 sihi
1552 1433 1794 1507 cibu'm
1829 1446 2074 1535 capere
2087 1490 2110 1526 ‚
2161 1460 2386 1535 neque

407 1568 699 1645 omnino
732 1564 965 1641 inedia
995 1566 1332 1639 laborare.
1412 1566 1748 1641 cornices
1782 1596 2068 1669 quoque
2095 1569 2390 1644 feminae
2445 1586 2484 1627 2

400 1704 588 1778 solae
634 1704 879 1780 fouent
924 1722 1453 1801 pez-stantesque
1499 1701 1576 1774 in
1617 1728 1826 1801 opere
1857 1729 2000 1777 non
2034 1704 2388 1779 intermit-

404 1858 600 1913 tunt:
653 1860 721 1911 at
757 1862 867 1911 eas
898 1863 1125 1911 mares
1164 1838 1393 1929 alunt,
1446 1836 1656 1908 allato
1707 1846 1914 1935 atque
1943 1835 2106 1912 dato
2147 1866 2234 1913 ex
2264 1866 2386 1913 ore

405 1973 589 2047 cibo.
657 1972 996 2047 Palumba
1024 1973 1111 2045 ab
1138 1998 1295 2047 sero
1326 1968 1471 2057 diei
1499 1970 1642 2043 inci
1645 1971 1844 2069 piens
1867 1991 2086 2075 totarn
2111 1980 2388 2047 noctem

404 2134 626 2207 Vsque
656 2106 749 2182 ad
776 2106 1103 2182 ientaculi
1134 2126 1409 2205 tempus
1443 2103 1765 2179 incubat:
1817 2104 2173 2203 reliquum
2203 2126 2392 2179 tem-

408 2240 607 2341 poris
638 2242 1033 2339 palumbus.
1111 2237 1215 2312 At
1246 2237 1560 2338 perdices
1589 2238 1760 2313 bina
1795 2264 2100 2315 ouorum
2131 2239 2392 2315 eubilia

409 2376 719 2474 faciuntg,
766 2374 841 2449 in
888 2376 1106 2447 altero
1146 2372 1436 2467 semina,
1499 2374 1578 2447 in
1625 2375 1841 2449 altero
1889 2402 2038 2452 mas
2069 2375 2393 2449 incubat:

410 2538 575 2585 suos
630 2512 925 2609 'vterque
974 2508 1285 2582 exclusos
1332 2507 1613 2611 enutrit,
1717 2508 1916 2596 Quin
1965 2510 2174 2605 etiam
2222 2536 2387 2585 cum

412 2644 649 2721 educit
664 2700 689 2742 ,
760 2642 1077 2745 primum
1122 2642 1363 2744 pullos
1412 2670 1532 2719 eos
1581 2640 1732 2719 init.

1148 2884 1209 2960 C
1241 2886 1313 2965 A
1347 2885 1433 2965 P..
1531 2884 1668 2967 IX.
2211 2940 2236 2981 ι

566 3052 763 3125 Pauo
812 3072 1041 3129 autem
1088 3054 1413 3155 quinque
1457 3082 1540 3127 ac
1587 3053 1840 3153 viginti
1901 3076 2118 3125 annos
2178 3050 2392 3125 viuit:

416 3185 665 3265 trimus
694 3187 1135 3285 potissimum
1159 3210 1473 3285 generat:
1505 3218 1654 3289 quo
1674 3212 1994 3289 tempore
2013 3185 2222 3259 etiam
2242 3210 2395 3259 ver-

412 3320 741 3397 sicolores
794 3322 949 3429 eius
1006 3350 1275 3420 pennae
1334 3326 1538 3397 fiunt.
1640 3320 1964 3397 Trieenis
2013 3341 2132 3393 aut
2181 3319 2396 3418 paule
2473 3310 2478 3318 ’

410 3458 743 3555 pluribus
776 3451 1091 3531 eicludit
1136 3456 1419 3531 diebus:
1475 3432 1688 3531 sfflel
1732 3455 2069 3529 duntaxat
2101 3455 2176 3525 in
2211 3478 2396 3525 anno

412 3590 617 3688 parit.
722 3590 1055 3666 Ouorum
1124 3594 1459 3665 numerus
1507 3589 1602 3663 ad
1647 3589 2022 3665 duodecim
2083 3605 2203 3657 aut
2250 3610 2394 3657 non

416 3724 642 3795 multo
682 3726 1029 3821 pauciora.
1136 3725 1530 3799 Interiectis
1567 3725 1752 3799 binis
1797 3720 2103 3798 ternisue
2147 3715 2394 3791 diebus

414 3856 735 3953 pariendi
792 3860 1105 3935 officium
1160 3862 1543 3962 intercipit.
1655 3859 1878 3932 Primi
1881 3880 2088 3957 parae
2147 3871 2398 3927 octona

411 3990 709 4067 circiter.
760 4042 767 4052 ·
802 3993 1041 4072 Edunt
1068 3999 1277 4074 etiam
1306 3996 1522 4071 irrita.
1569 4047 1578 4055 ·
1606 3994 1794 4070 Vere
1823 3998 2116 4067 coeunt:
2165 3986 2402 4062 statim'
