2917 4959
674 465 817 538 DE
880 465 1359 539 ANIMAL,
1426 467 2018 548 HIST.1.14.
2230 479 2316 546 41

358 651 695 753 pusillum
724 651 1127 728 dicebamus
1142 705 1166 746 ‚
1218 647 1363 725 duo
1394 650 1552 723 tubi
1579 652 1838 726 multae
1875 654 2271 730 firmitatis
2251 687 2330 732 in

360 783 651 866 vesicain
690 787 1023 869 tendunt:
1076 788 1243 860 item
1270 787 1395 860 alii
1424 813 1512 861 ex
1535 807 1726 862 aorta
1752 785 1968 863 validi
1999 809 2070 861 et
2097 793 2334 865 conti-

355 924 499 998 nui.
604 925 677 998 E
696 939 946 998 renum
972 921 1211 997 medio
1238 949 1451 997 venae
1479 923 1792 1022 singulae
1820 950 2027 997 cauae
2053 953 2132 998 ac
2159 953 2332 1000 ner-
2390 931 2429 992 8

356 1083 559 1135 vosae
606 1087 734 1158 per
764 1059 1131 1154 -angustias
1174 1059 1415 1157 spinae
1454 1056 1790 1132 tendunt:
1837 1085 2018 1159 quae
2053 1060 2221 1136 inde
2253 1066 2334 1158 in

355 1195 595 1268 clunes
638 1195 763 1272 vbi
804 1199 1187 1290 peruenere
1203 1247 1225 1284 ,
1293 1219 1455 1266 non.
1479 1215 1919 1293 comparent,
1983 1195 2122 1268 nisi
2165 1225 2334 1275 mox

358 1329 559 1402 iuxta
607 1329 799 1426 ipsos
840 1329 1101 1401 iterum
1138 1323 1487 1399 distentae.
1594 1328 1922 1404 Ceterum
1956 1329 2089 1404 hae
2121 1361 2335 1409 venae

356 1463 441 1535 in
475 1461 769 1539 vesicam
796 1461 1137 1536 desinunt.
1224 1459 1580 1534 Postrema
1604 1464 1796 1538 enim
1825 1465 2049 1539 vesica
2077 1489 2178 1541 est
2202 1498 2332 1569 ap-

354 1625 569 1704 pensa
598 1597 781 1670 tubis
794 1652 815 1689 ,
850 1598 981 1696 qui
1012 1595 1099 1670 de
1128 1596 1413 1670 renibus
1442 1596 1902 1671 intenduntur
1931 1599 2018 1672 ad
2043 1603 2332 1700 co'llum,

355 1733 551 1834 quod
584 1734 669 1828 ‚in
710 1733 1056 1812 vrinalem
1102 1753 1411 1804 meatum
1457 1729 1715 1804 tendit:
1758 1759 1976 1830 paene
2009 1763 2333 1837 quaqua-

358 1897 639 1978 versum
670 1867 993 1941 tenuibus
1032 1891 1114 1936 ac
1160 1867 1443 1939 fibrosis
1487 1865 1758 1964 alligata
1807 1870 2332 1966 membranulis,

358 2029 535 2102 quae
580 1999 1095 2100 propemodum
1144 2000 1411 2072 similes
1455 2000 1597 2072 sint
1648 2021 1957 2074 texturae
2002 2030 2334 2102 praecor-

349 2137 656 2210 diorum.
758 2135 883 2207 Est
915 2155 1145 2234 autem
1188 2132 1501 2206 humana
1531 2135 1756 2207 vesica
1789 2163 2046 2244 magna
2081 2137 2334 2213 admo-

356 2269 557 2342 dum.
593 2267 803 2364 [Cap.
834 2266 1123 2338 XXIV.
1160 2267 1564 2366 scaligero]
1603 2265 1724 2339 Ad
1767 2270 2030 2342 vesicae
2077 2273 2338 2348 collum
2394 2301 2435 2360 9

356 2429 747 2502 appensum
777 2418 1125 2474 veretrum
1158 2421 1295 2491 est,
1347 2425 1722 2476 neruosum
1751 2425 1956 2505 atque
1987 2407 2338 2507 cartilagi-

356 2565 650 2630 nosum3
721 2533 997 2607 duobus
1046 2535 1385 2607 meatibus
1444 2537 1770 2634 peruium
1786 2593 1807 2632 ,
1875 2539 2000 2636 qui
2049 2515 2338 2617 deinum

356 2671 881 2767 coniunguntur
928 2690 996 2742 et
1039 2689 1293 2743 coeunt
1341 2669 1419 2744 in
1466 2697 1688 2744 vnum
1747 2639 2057 2746 foramen
2105 2697 2338 2748 exter-

334 2807 571 2876 ‘hnmt
625 2831 935 2903 quorum
980 2803 1100 2876 hic
1129 2801 1419 2903 quidem
1462 2803 1554 2878 ad
1583 2821 1819 2896 testes,
1869 2804 1991 2877 ille
2021 2779 2110 2878 ad
2151 2807 2340 2880 vesi-

358 2969 513 3012 cam
558 2937 797 3012 tendit.
854 2981 873 3000 ·
904 2939 1012 3010 Ex
1055 2962 1138 3013 eo
1172 2936 1568 3036 dependent
1607 2957 1808 3011 testes
1855 2940 2200 3013 maribus:
2251 2939 2342 3014 de

366 3076 621 3172 quibus
634 3128 655 3165 ‚
704 3071 1304 3172 quemadmodum
1346 3099 1419 3145 se
1467 3073 1802 3166 habeant,
1857 3076 1936 3147 in
1982 3074 2344 3146 communi

360 3206 672 3303 partium
726 3207 1301 3312 commentatione
1342 3201 1734 3280 disseretur.
1837 3203 2100 3280 Modus
2153 3205 2343 3284 idem

356 3339 643 3437 penitus
679 3339 755 3413 iu
798 3342 1209 3415 feminarum
1236 3367 1524 3441 quoque
1555 3341 2007 3442 genitalibus,
2059 3341 2345 3439 solaque

356 3475 647 3547 matrice
670 3475 861 3550 intus
886 3475 1251 3549 differunt:
1300 3501 1482 3574 quae
1496 3530 1516 3568 ‚
1552 3473 1749 3574 quod
1779 3474 1868 3548 ad
1899 3473 2147 3548 faciem
2171 3501 2340 3572 per-

359 3607 529 3680 tinet
547 3663 569 3700 ,
649 3635 689 3681 e
736 3609 1235 3685 dissentionum
1294 3611 1498 3684 libris
1550 3629 1622 3684 et
1662 3611 1936 3711 pictura
1985 3629 2154 3683 nota
2203 3631 2349 3681 esse

360 3742 657 3838 potet-iv,
706 3744 904 3861 quod
929 3771 1097 3822 vero
1132 3742 1225 3818 ad
1246 3745 1459 3820 situm
1487 3767 1782 3847 spectat,
1835 3745 2008 3818 iacet
2035 3743 2160 3816 illa
2191 3761 2347 3814 tum

359 3899 577 3971 super
613 3877 947 3952 intestinis
986 3897 1139 3956 tum
1171 3884 1299 3955 sub
1330 3883 1571 3958 vesica.
1673 3881 1784 3955 Ac
1814 3879 1904 3954 de
1943 3873 2348 3952 matricibus
