2917 4959
598 445 739 527 260
1199 445 1938 519 ARISTOTELIS

597 634 688 709 In
719 632 1156 735 spongiarum
1187 633 1375 705 cauis
1401 632 1951 733 pinnophylaces
1970 631 2429 730 (pinnarum
2446 658 2567 705 cu·

602 766 890 861 stodes)
939 765 1210 858 insunt3
1261 791 1432 837 caua
1465 787 1692 839 autem
1719 765 2009 839 obducit
2038 766 2233 842 velut
2277 794 2569 841 aranea-

607 926 764 973 rum
799 897 969 989 tela‚
1021 898 1160 994 qua
1205 897 1316 971 vel
1347 896 1629 973 diducta
1662 917 1781 969 aut
1812 921 2167 976 contracta
2196 896 2568 997 pisciculos

605 1052 978 1127 venantur3
1031 1030 1434 1127 ingressuris
1466 1032 1653 1105 enim
1680 1033 2037 1129 aperiunt5
2088 1033 2409 1129 ingressis
2438 1062 2567 1108 oc·-

511 1190 552 1235 2
605 1159 918 1239 cludunt.
1021 1162 1489 1261 spongiarum
1548 1190 1792 1262 genera
1854 1166 1989 1235 tria
2038 1184 2198 1237 sunt
2212 1220 2233 1257 ‚
2302 1190 2566 1259 rarum,

463 1270 483 1281 ο
605 1297 900 1373 densum
913 1352 934 1389 ,
985 1319 1051 1370 et
1077 1296 1360 1371 tertium
1389 1296 1585 1395 quod
1616 1294 2024 1369 Achillenm
2054 1318 2319 1371 vocant.
2422 1298 2571 1371 Te-

607 1431 1024 1505 uuissimum
1071 1431 1228 1505 hoc:
1259 1448 1327 1503 et
1373 1428 1863 1522 densissimum
1922 1449 1989 1501 et
2038 1427 2570 1523 validissimum,

609 1564 1046 1663 suppositum
1071 1566 1281 1661 galeis
1305 1586 1370 1639 et
1399 1564 1619 1655 ocreis
1648 1562 1848 1655 facit,
1901 1583 1976 1638 vt
2005 1562 2273 1651 ictuum
2302 1565 2572 1637 sonitus

613 1698 842 1771 leuior
867 1697 962 1769 sit
979 1706 1002 1767 ε’
1057 1727 1290 1775 rarum
1317 1726 1490 1773 sane
1504 1698 1813 1769 inuentu.
1913 1695 2001 1769 In
2032 1722 2279 1793 genere
2312 1696 2570 1771 denso—

613 1858 772 1905 rum
817 1856 996 1929 quae
1034 1832 1360 1930 spongiae
1401 1829 1615 1903 durae
1660 1849 1821 1901 sunt
1868 1827 2309 1903 vehementer
2358 1852 2569 1929 atque

611 1990 882 2063 asperae
900 2018 920 2056 ‚
970 1963 1152 2039 hirci
1177 1986 1527 2039 vocantur.
1627 1962 1775 2038 Aut
1798 1961 1885 2035 ad
1913 1990 2069 2037 saxa
2106 1985 2227 2037 aut
2252 1963 2343 2037 ad
2376 1964 2570 2037 littus
2597 1945 2603 1952 ’

611 2099 937 2189 oriuntur
975 2123 1248 2203 omnes}
1299 2100 1581 2171 aluntur
1622 2097 1832 2171 limo:
1883 2096 2074 2195 quod
2121 2096 2569 2172 animaduer-

611 2258 769 2305 sum
809 2254 941 2325 est,
993 2263 1158 2309 cum
1207 2260 1290 2309 eo
1335 2233 1583 2331 plenae
1624 2252 1859 2330 captae
1900 2252 2079 2303 sunt.
2116 2256 2123 2265 ·
2179 2230 2377 2307 Idem
2404 2258 2573 2307 vero

613 2365 862 2437 accidit
895 2369 1132 2449 ceteris
1167 2366 1458 2464 plantis,
1498 2386 1735 2473 yrqua
1758 2387 1951 2463 parte
1984 2363 2392 2459 adhaerent,
2446 2365 2573 2468 qli·

511 2492 554 2553 ³
613 2516 928 2571 mentum
953 2501 1244 2599 capiant.
1309 2498 1561 2571 Minus
1575 2497 2035 2573 validaesunt
2060 2499 2331 2593 densae,-
2360 2528 2572 2598 quam

615 2656 806 2707 rarae
823 2688 844 2725 ‚
911 2655 1272 2732 propterea
1319 2630 1515 2729 quod
1544 2632 1775 2705 minus
1812 2632 2201 2707 adhaerent.
2304 2634 2573 2709 Sentii-e

613 2794 900 2864 quoque
947 2794 1054 2842 eas
1102 2766 1242 2841 hoc
1289 2787 1691 2864 argumento
1740 2764 2281 2863 deprehensum.
2309 2767 2563 2841 ferunt.

613 2894 800 2969 Nam
857 2900 918 2970 si
963 2926 1106 2974 sese
1149 2903 1473 2974 auulsum
1519 2901 1610 2973 iri
1656 2876 2147 2999 praesenserint
2161 2956 2182 2994 ‚
2250 2900 2569 2975 contrahi

611 3028 787 3105 adeo
804 3087 824 3125 ‚
875 3054 950 3108 vt
992 3030 1184 3107 baud
1225 3036 1428 3108 facile
1470 3034 1888 3107 auferantur.
1990 3032 2080 3107 Id
2114 3034 2311 3135 quod
2360 3034 2570 3107 etiam

607 3164 772 3240 facit
805 3168 1194 3243 vehementi
1233 3170 1539 3265 spirante
1566 3189 1771 3243 vento
1804 3190 1873 3243 et
1909 3168 2337 3245 vndabundo
2368 3167 2569 3259 mari,

609 3325 700 3371 ne
740 3298 1076 3375 decidant.
1179 3299 1318 3375 Sed
1359 3290 1521 3373 sunt
1532 3326 1567 3393 ‚·
1607 3301 1734 3401 qui
1776 3303 1911 3375 hac
1962 3303 2049 3377 de
2092 3330 2173 3391 ⁸re
2202 3300 2566 3391 dubitent,

536 3434 544 3442 '
608 3452 814 3532 atque
845 3433 1027 3509 inter
1055 3435 1186 3509 hos
1211 3436 1666 3511 Toronenses.
1766 3436 1995 3511 Alunt
2024 3438 2205 3509 intra
2226 3458 2383 3507 sese-
2402 3431 2569 3503 ani-

605 3567 814 3641 malia
833 3620 852 3659 ‚
905 3590 978 3643 vt
1005 3568 1384 3643 lumbricos
1411 3566 1686 3669 aliaque
1712 3568 2083 3661 eiusmodi,
2134 3590 2347 3665 quae,
2400 3592 2567 3639 cum

605 3699 764 3775 illae
811 3704 1178 3800 extirpatae
1211 3724 1406 3796 sunt,
1459 3732 1595 3779 vna
1622 3730 1781 3779 cum
1810 3700 2125 3776 radicum
2156 3698 2475 3798 reliquiis
2524 3725 2565 3771 a

597 3837 1002 3911 saxatilibus
1027 3834 1378 3935 pisciculis
1405 3835 1841 3911 deuorantur.
1908 3834 1988 3909 Si
2018 3856 2255 3914 autem
2282 3804 2564 3907 abrum-

599 3988 890 4064 pamur,
941 3996 1022 4045 ex
1075 3997 1156 4045 eo
1195 3954 1388 4070 quod
1435 3967 1756 4043 relictum
1804 3990 1941 4063 est,
1996 3988 2469 4049 renascuntur·
2496 3987 2563 4041 et
