2917 4959
596 503 739 573 522
1212 496 1998 569 ARISTOTELIS

594 688 917 761 restrium
948 708 1125 783 quae
1167 706 1396 757 aerem
1432 682 1782 781 recipiunt
1823 680 2067 758 multa.
2163 686 2406 787 Atque
2437 714 2569 763 eo·-

592 850 753 897 rum
816 816 1155 919 quaedam
1216 817 1295 891 in
1358 836 1631 891 tanmm
1649 872 1671 909 ,
1721 837 1798 893 vt
1845 842 1934 891 ne
1983 818 2224 895 viuere
2275 820 2568 923 quidem

590 971 846 1053 queant
863 1006 885 1045 ‚
935 955 995 1026 si
1042 982 1083 1026 a
1128 972 1379 1027 natura
1420 978 1642 1051 aquae
1680 950 2104 1029 eximantur:
2169 956 2569 1033 cuiusmodi

590 1087 895 1167 marinae
918 1066 1305 1163 testudines
1346 1109 1415 1161 et
1441 1086 1776 1161 crocodili
1807 1107 1876 1159 et
1906 1086 2070 1187 equi
2099 1091 2474 1166 fluuiatiles
2499 1114 2565 1167 et

510 1299 515 1303 ,
588 1223 795 1300 vituli
826 1244 897 1298 et
923 1223 1285 1299 minorum
1312 1222 1728 1296 animalium
1758 1220 2040 1325 emydes
2071 1222 2428 1323 (lacustres
2452 1248 2568 1301 te-

590 1358 932 1457 studines)
965 1384 1436 1456 ranarumque
1462 1384 1698 1455 genus.
1805 1359 2002 1433 Haec
2025 1358 2213 1434 enim
2242 1360 2303 1433 si
2331 1360 2572 1461 aliquo

580 1516 909 1594 tempore
962 1520 1107 1565 non
1166 1490 1539 1589 respirent,
1621 1490 2082 1564 suffocantur:
2149 1494 2573 1595 pariuntque

594 1650 802 1725 atque
851 1624 1059 1697 etiam
1110 1622 1407 1698 educant
1454 1622 1530 1695 in
1561 1624 1746 1696 sicco
1763 1678 1784 1715 ,
1835 1622 1974 1697 alia
2000 1652 2220 1723 prope
2264 1627 2566 1701 siecum:

494 1756 536 1819 3
592 1758 854 1857 degunt
892 1780 1126 1832 autem
1173 1750 1251 1830 in
1294 1754 1454 1831 vdo.
1559 1757 1871 1831 Maxime
1905 1780 2078 1833 vero
2111 1759 2380 1833 excedit
2403 1787 2571 1835 mo-

590 1894 765 1969 dum
789 1892 986 1967 hunc
1014 1890 1307 1991 delphin
1334 1891 1518 1965 inter
1539 1876 1777 1967 omnia
1803 1891 2132 1965 animalia
2147 1948 2169 1987 ‚
2205 1914 2278 1967 et
2299 1894 2360 1966 si
2393 1894 2574 1995 quid

594 2027 795 2105 aliud
820 2028 955 2103 tale
980 2048 1083 2103 est
1104 2047 1258 2100 tum
1286 2026 1699 2125 aquatilium
1721 2048 1876 2105 tum
1903 2048 2374 2123 eetaceorum,
2391 2057 2572 2129 quae

598 2166 689 2245 ad
712 2166 911 2239 hunc
938 2159 1236 2237 modum
1266 2188 1407 2237 sese
1433 2160 1732 2254 habent,
1779 2184 1856 2238 vt
1879 2164 2198 2258 balaena,
2248 2184 2330 2261 et⁸
2345 2192 2571 2265 quae-

596 2326 879 2401 cunque
936 2299 1075 2372 alia
1120 2296 1384 2370 horum
1425 2295 1736 2379 fistulam
1777 2294 2058 2371 hahent.
2161 2298 2335 2373 Non
2383 2297 2574 2373 enim

594 2432 800 2507 facile
825 2452 949 2504 aut
968 2430 1275 2529 aquatile
1298 2427 1536 2501 solum
1561 2447 1684 2500 aut
1709 2450 2029 2505 terrestre
2054 2431 2316 2507 horum
2349 2433 2574 2507 vllum

596 2585 892 2639 statuere
954 2564 1155 2659 lieet3
1204 2563 1263 2635 si
1327 2562 1680 2641 terrestria
1742 2583 2016 2639 tantum
2077 2566 2200 2641 illa
2253 2566 2574 2667 ponenda

604 2722 788 2796 sunt,
842 2727 1025 2801 quae
1056 2724 1287 2775 aerem
1310 2694 1682 2795 recipiunt,
1732 2698 2072 2796 aquatilia
2103 2722 2359 2797 autem,
2394 2730 2571 2803 quae

606 2862 863 2933 aquam
896 2852 1159 2909 natura.
1230 2830 1620 2931 Vtriusque
1649 2831 1836 2907 enim
1863 2834 2204 2935 particeps
2229 2858 2362 2911 est:
2407 2864 2568 2913 nam

600 2988 674 3042 et
710 2994 901 3043 mare
932 2968 1181 3069 recipit
1198 3022 1220 3062 ,
1240 2966 1333 3043 ‘et
1358 2968 1612 3041 amittit
1641 2995 1772 3067 per
1796 2973 2130 3079 fistulam5
2181 2998 2414 3049 aerem
2440 3001 2574 3049 au-

598 3124 744 3178 tem
784 3104 1143 3201 pulmone.
1194 3124 1201 3133 ·
1247 3102 1455 3177 Hanc
1490 3102 1678 3178 euim
1721 3104 1986 3179 habent
2017 3129 2289 3207 partem
2329 3129 2400 3183 et
2423 3108 2578 3207 spi-

601 3258 783 3311 rant.
851 3238 1092 3339 Atque
1122 3235 1384 3311 ideireo
1410 3259 1652 3338 captus
1680 3239 1756 3313 iu
1782 3242 1916 3314 reti
1944 3239 2239 3342 delphin
2267 3243 2409 3317 cito
2433 3244 2578 3317 suf-

604 3374 909 3467 focatur3
960 3394 1326 3471 propterea
1368 3372 1594 3473 quod·
1615 3402 1762 3449 non
1808 3378 2113 3476 respiret.
2212 3376 2580 3453 Extractus

609 3510 798 3584 enim
844 3507 1027 3585 viuit
1065 3505 1193 3580 diu
1238 3510 1540 3583 mutiens
1597 3537 1680 3583 ac
1715 3536 1994 3610 gemens
2008 3562 2030 3603 ,
2105 3507 2285 3581 sieut
2325 3530 2405 3582 et
2435 3512 2574 3587 alia

604 3672 787 3745 quae
812 3645 1077 3745 spirant
1102 3642 1451 3719 animalia.
1480 3646 1714 3719 Etiam
1746 3644 2002 3719 dormit
2029 3641 2289 3718 extanti
2319 3667 2575 3743 rostro,

504 3798 549 3857 4
606 3798 681 3854 vt
744 3760 1049 3881 respiret.
1132 3776 1398 3855 Eadem
1460 3804 1692 3855 autem
1749 3774 2062 3876 redigere
2123 3778 2202 3855 iu
2251 3778 2573 3857 ordinem

596 3913 963 4015 Vtriusque
1000 3912 1372 3991 diuisionis
1387 3972 1407 4010 ‚
1473 3910 1856 3990 absurdum
1897 3935 2032 3987 est:
2081 3916 2352 4017 quippe
2393 3944 2576 4018 quae

599 4068 765 4123 suut
790 4052 1213 4126 contrariae:
1262 4052 1385 4127 sed
1412 4044 1644 4153 ipsum
1673 4046 1984 4150 aquatile
2019 4050 2305 4151 iusuper
2329 4072 2432 4129 est
2459 4078 2568 4127 et·-
