2917 4959
512 486 519 494 ·
628 473 782 568 434
1032 535 1051 542 ,.
1234 466 2042 540 Amsro'rzms-

634 655 908 758 mobile·
919 710 953 749 ,.
982 650 1406 756 (viuidum,
1454 653 1708 724 Plinio
1753 653 2310 753 acuminamm·‚)
2365 653 2636 732 saltax:

642 811 713 888 et
738 791 1122 889 appellatur
1152 789 1407 886 pulex..
1452 786 1783 860 Alterum
1809 789 2040 862 maius
2053 845 2076 882 ,
2131 792 2370 866 colore
2395 790 2640 888 nigre,

642 923 1101 1002 anterioribus
1146 922 1476 994 cruribus
1511 921 1743 1018 longis
1760 976 1781 1014 ‚
1830 943 2036 994 motu
2075 925 2396 1021 pigrum,
2441 927 2648 999 lente

642 1055 1030 1157 ingrediens
1044 1111 1067 1151 ,
1120 1054 1596 1146 imbecillum,
1656 1079 1886 1154 neque
1923 1051 2160 1130 habile
2193 1055 2302 1130 ad
2355 1058 2649 1132 salien-

639 1193 833 1266 dum.
942 1192 1198 1264 Cetera
1232 1214 1398 1262 vero
1414 1242 1436 1279 ‚
1488 1215 1669 1290 quae
1699 1181 2007 1288 expedita
2035 1188 2295 1264 habent
2323 1190 2650 1264 medica·-

640 1323 971 1425 mentmii
986 1378 1007 1415 ‚
1084 1341 1201 1395 aut
1250 1323 1534 1394 nullum
1581 1344 1702 1396 aut
1743 1322 2050 1425 debilem
2093 1351 2409 1398 morsum
2455 1327 2645 1400 affe-

539 1475 583 1536 5
650 1479 835 1538 runt.
936 1455 1163 1530 Aliud
1210 1469 1314 1529 est
1356 1482 1628 1560 genuS,
1677 1481 1892 1554 quem
1940 1458 2196 1555 lupum
2245 1460 2639 1533 nominant.

646 1595 732 1670 In
780 1590 1064 1691 qumis,
1116 1593 1247 1691 qui
1292 1591 1529 1666 minor
1567 1611 1702 1683 est,
1751 1591 1964 1664 telam
2001 1619 2150 1666 non
2191 1593 2379 1666 texit.
2487 1591 2638 1680 Qui

640 1727 903 1819 maior,
972 1752 1272 1800 crassam
1322 1746 1391 1799 et
1458 1725 1860 1822 improbam
1907 1721 2118 1800 humi
2167 1746 2237 1801 et
2281 1725 2373 1801 ad
2419 1755 2634 1827 sepes.

640 1860 877 1935 Rimis
908 1885 1181 1958 semper
1212 1858 1481 1932 obtexit
1509 1857 1718 1931 telam
1732 1913 1754 1951 ‚
1825 1879 2035 1980 atgue
2063 1862 2268 1960 ponit
2296 1862 2486 1938 intus
2511 1889 2642 1937 or-

642 1993 852 2070 ditus.
904 1995 1054 2070 Vbi
1078 2009 1414 2087 moratur,
1467 1991 1642 2066 dum
1671 1991 1941 2092 aliquid
1970 1994 2284 2069 incidens
2315 2015 2634 2076 moueat:

626 2151 857 2231 atque
887 2128 1054 2203 inde
1084 2127 1369 2202 accedit.
1437 2125 1667 2202 Aliud
1696 2147 1926 2202 autem
1955 2155 2165 2226 genus
2185 2129 2454 2204 varium
2489 2129 2630 2200 sub

477 2351 483 2356 .
542 2276 587 2340 4
646 2265 1017 2359 arboribus
1044 2264 1215 2339 texit
1241 2263 1786 2363 telam‘paruam
1813 2283 1882 2336 et
1913 2289 2226 2361 prauam.
2305 2260 2638 2336 Tertium

638 2400 1002 2495 praeterea
1020 2423 1241 2492 genus
1274 2419 1377 2470 est
1412 2397 1682 2471 horum
1719 2396 2308 2495 sapientissimum
2343 2419 2410 2472 et
2437 2397 2640 2496 poli-

638 2529 1009 2604 tissimum.
1114 2526 1474 2628 Principio
1501 2631 1510 2638 .
1539 2557 1847 2628 namque
1903 2531 2074 2604 texit
2129 2529 2511 2606 extendens
2555 2527 2640 2603 ad

640 2689 909 2762 cornua
930 2727 935 2734 .
955 2659 1456 2762 undecunque:
1503 2660 1759 2738 deinde
1801 2685 2068 2737 stamen
2107 2662 2382 2740 inducit
2409 2694 2450 2739 a
2483 2692 2641 2742 me·-

606 2843 613 2850 -
646 2797 809 2891 dio;
858 2796 1055 2896 quod
1084 2795 1405 2890 medium
1436 2819 1796 2898 quantum
1817 2798 1977 2872 satis
2009 2797 2098 2870 sit
2111 2851 2132 2890 ,
2183 2799 2388 2898 capit.
2444 2801 2637 2876 Tum

644 2954 857 3028 super
884 2995 893 3002 .
918 2929 1095 3004 haec
1142 2951 1441 3006 tramam
1501 2934 1835 3033 imponit:
1905 2953 2252 3030 postremo
2309 2936 2632 3010 contexit.

644 3061 757 3140 Ac
802 3065 1039 3138 cubile
1084 3065 1381 3164 quidem
1416 3095 1626 3142 suum
1666 3064 2102 3165 praedaeque
2141 3069 2634 3168 repositorium

644 3198 824 3298 alibi
866 3199 1265 3276 constituit:
1314 3201 1391 3274 in
1432 3200 1670 3276 medio
1709 3229 1880 3278 vero
1931 3191 2259 3278 ohs'emat
2287 3203 2631 3303 praedam.

644 3331 861 3426 Vude
891 3334 952 3405 si
982 3333 1376 3434 cuiuspiam
1408 3337 1512 3410 rei
1537 3365 1704 3412 casu
1728 3336 2048 3414 medium
2076 3359 2464 3430 moueatur,
2490 3339 2638 3436 pri·-

646 3496 849 3546 mum
885 3466 1326 3568 circumligat
1340 3525 1362 3570 ‚
1410 3471 1824 3573 circumque
1861 3459 2165 3566 inuoluit
2197 3471 2361 3560 tela,
2411 3497 2634 3569 vsque

646 3601 825 3680 dum
856 3602 967 3680 sui
1008 3603 1349 3702 impotem
1390 3606 1653 3684 fecerit.
1759 3608 2084 3682 Posthaec
2110 3604 2468 3678 sublatum
2501 3585 2633 3678 ex-

644 3737 833 3814 tulit.
939 3734 1159 3825 Quod
1204 3740 1265 3812 si
1314 3741 1530 3817 fames
1559 3765 1828 3842 vrgeat‚
1881 3736 2132 3836 exugit.
2235 3736 2306 3812 Is
2351 3739 2542 3815 enim
2565 3739 2632 3812 ei

590 3879 597 3887 '
645 3872 906 3948 modus
928 3872 1255 3972 ,capiendi
1286 3878 1528 3957 cibum
1559 3898 1677 3950 est.
1765 3874 1845 3946 Si
1881 3901 2032 3948 non
2065 3873 2315 3968 esurit,
2369 3900 2626 3965 rursus,

648 4009 905 4086 sarcito
932 4008 1133 4112 prius
1178 4011 1389 4116 scisse
1416 4035 1648 4112 opere,
1665 4007 1758 4086 ad
1770 4010 2216 4091 venationem
2241 4010 2619 4088 reuertitur.
