2917 4959
484 497 623 584 273
1100 479 1850 552 Alus‘ro‘rssms

488 677 677 768 nati3
730 671 883 760 sed,
924 661 1139 764 quod'
1158 664 1598 762 potissimum
1639 666 2029 740 confessum
2064 676 2206 761 est,¹
2261 668 2466 749 bimi.

492 807 693 880 Gerit
726 825 983 875 nouem
1030 823 1332 892 menses,
1388 797 1570 895 parit
1615 796 1911 874 decimo.
2021 800 2330 887 Quidam
2365 803 2481 875 as—
2565 805 2574 815 '

490 945 798 1028 sinnam,
854 935 1007 1034 ipso
1040 931 1433 1033 complente
1467 931 1825 1006 decimum
1863 933 1980 1006 die
2015 963 2274 1033 parere.
2379 936 2483 1009 At

492 1072 681 1172 quod
734 1071 907 1142 citra
954 1064 1141 1140 dicta
1192 1088 1508 1165 tempora
1553 1063 1820 1139 editum
1869 1068 2082 1142 fuerit
2099 1125 2120 1163 ,
2195 1071 2478 1144 abortus

490 1193 621 1280 esi:
672 1205 917 1304 [Quin
960 1203 1199 1272 etiam
1237 1203 1303 1272 si
1354 1203 1482 1270 vel
1536 1201 1933 1270 tantillum
1969 1205 2478 1274 anteum-terit

476 1353 761 1434 partu-s·
812 1353 1144 1430 tempas,
1216 1359 1457 1428 neque
1505 1333 1796 1432 viuit,]
1843 1361 2072 1434 neque
2105 1359 2330 1436 potest
2367 1339 2482 1414 vi..-
2555 1393 2576 1410 ,

494 1500 673 1550 vere.
776 1472 974 1569 Ipsae
1022 1471 1214 1544 enim
1248 1467 1545 1566 vngulae
1579 1495 1866 1567 quoque
1913 1468 2294 1546 admodum
2325 1494 2485 1546 sunt

496 1607 742 1680 molles
784 1625 991 1702 atque
1038 1603 1484 1701 imperfectae
1529 1623 1719 1674 tunc.
1822 1602 2014 1676 Parit
2043 1633 2262 1680 vnum
2299 1607 2479 1680 fere:

400 1739 436 1798 3
502 1768 657 1814 raro
706 1738 899 1811 duos.
1004 1738 1195 1813 Parit
1240 1761 1405 1814 vero
1439 1757 1678 1836 -atque
1735 1736 1910 1831 coit,
1993 1737 2227 1838 quoad
2281 1739 2475 1816 viuit.

502 1872 929 1964 Quindecim
970 1901 1189 1949 annos
1226 1871 1502 1945 circiter
1532 1871 1717 1948 Viuit
1763 1899 2009 1970 magna
2043 1899 2126 1946 ex
2160 1894 2352 1973 parte
2383 1873 2482 1948 fe·

498 2011 725 2102 mina3
777 2011 945 2084 item
978 2035 1235 2100 mareS,
1290 2008 1347 2078 si
1375 2027 1776 2078 castrentur.
1859 2005 2112 2103 Aliqui
2145 2008 2357 2082 etiam
2391 2008 2483 2082 ad

501 2144 747 2240 viginti
776 2165 895 2216 aut
926 2142 1134 2215 etiam
1166 2143 1439 2238 plures,
1475 2141 1532 2211 si
1563 2140 1726 2239 agili
1753 2141 1890 2212 sint
1916 2165 2223 2236 corpore.
2293 2141 2480 2213 Exe-

500 2298 644 2348 ctos
671 2305 893 2348 mares
924 2274 1384 2348 assuefaciunt
1416 2275 1744 2348 armentis
1772 2257 2137 2346 ductandis
2151 2327 2172 2365 ‚
2227 2301 2484 2371 quem-

499 2407 885 2480 admodum
913 2407 989 2477 in
1018 2435 1270 2502 genere
1304 2410 1549 2483 ouillo.
1637 2409 1703 2481 li
1737 2408 2002 2480 diutius
2035 2434 2250 2506 quam
2278 2407 2486 2482 ceteri
2552 2393 2560 2400 ⁵

496 2541 783 2634 viuum,
836 2561 1203 2640 propterea
1244 2539 1441 2635 quod
1476 2568 1702 2640 neque
1746 2543 2104 2636 laborant,
2159 2563 2228 2616 et
2257 2543 2489 2617 since·-
2531 2585 2546 2602 ·

494 2675 683 2749 riore
716 2677 976 2775 pabulo
1003 2693 1399 2750 vescuntur.
1505 2676 1668 2751 Flos
1703 2676 1946 2748 aetatis
1983 2704 2174 2754 anno
2208 2678 2480 2776 quinto.

494 2809 744 2907 Itaque
808 2831 993 2884 recte
1062 2805 1355 2906 quidam
1418 2809 1617 2884 aiunt
1682 2810 2008 2887 cecinisse
2057 2813 2482 2888 Homerum:

496 2967 787 3012 marem
838 2941 1432 3038 quinquennem:
1481 2969 1550 3022 et
1601 2946 1816 3021 illud:
1871 2947 2080 3018 bouis
2117 2951 2486 3022 nouenm‘e

492 3073 791 3168 (aetate
795 3078 1159 3168 florentis
1172 3079 1277 3179 ?):
1306 3080 1498 3154 idem
1527 3081 1716 3154 enim
1755 3080 2161 3178 significare.
2225 3085 2490 3160 Dentes

489 3231 715 3283 mutat
754 3215 883 3286 bos
916 3243 1099 3289 anno
1130 3217 1344 3289 altero
1380 3214 1617 3286 aetatis
1661 3243 1828 3292 suae
1845 3272 1866 3309 ,
1921 3246 2064 3294 non
2099 3219 2485 3316 uniuersos,

492 3343 615 3417 sed
646 3371 721 3417 vt
754 3375 991 3446 equus„
1044 3349 1383 3450 Vngulas‚
1414 3377 1578 3422 cum
1605 3349 2144 3452 dolore·pedum
2181 3353 2476 3448 laborat,

492 3507 637 3554 non
687 3482 974 3578 amittit,
1027 3486 1147 3560 sed
1194 3507 1590 3559 tumescunt
1639 3485 1846 3561 valde
1889 3486 1952 3558 ei
1999 3483 2224 3581 pedes.
2333 3489 2482 3565 Lac

489 3639 647 3712 post
678 3613 951 3714 §artum
984 3619 1305 3715 (statim)
1334 3621 1504 3696 vtile
1539 3642 1677 3694 est:
1731 3641 1885 3692 ante
1917 3617 1994 3692 id
2025 3601 2300 3721 tempus
2329 3651 2478 3698 non

492 3733 705 3826 hahet
745 3757 869 3827 lac.
973 3753 1293 3831 Primum
1346 3755 1683 3855 quodque
1713 3755 1820 3826 lac
1842 3752 1966 3827 vbi
2019 3759 2478 3851 concreuerit,

495 3885 669 3960 adeo
733 3887 997 3964 durum
1046 3895 1160 3984 fit,
1226 3892 1424 3992 quasi
1478 3887 1700 3985 lapis.‘
1775 3887 1992 3976 Quod
2043 3892 2139 3963 ita
2189 3887 2477 3977 demum

496 4023 879 4124 contingit,
930 4028 992 4102 si
1030 4027 1193 4130 quis
1230 4027 1295 4104 ei
1330 4049 1586 4125 aquam
1637 4049 1782 4100 non
1835 4025 2220 4104 admisceat.
2323 4025 2474 4102 Mi-
