2917 4959
843 465 1127 534 unna
1208 467 1395 532 xxi·
1458 465 1650 531 cAP.
1739 467 1838 532 iv.
2193 465 2320 550 49⁷

338 644 501 708 libro
557 641 635 702 de
682 641 979 700 memoria
1024 647 1087 700 et
1134 637 1576 700 recordatione.
1657 637 1735 700 Et
1781 657 1960 718 saepe
2010 636 2320 716 contingit,

340 741 507 824 quod
540 739 823 801 animalia
855 741 1049 802 bonae
1094 739 1421 800 memoriae
1464 747 1604 797 sunt
1629 739 1825 798 malae
1865 735 2319 812 recordationis,

346 853 409 904 et
452 863 487 900 e
522 859 840 901 conuerso.
922 839 1457 919 Disciplinabilitas
1499 847 1702 896 tamen
1747 837 2094 898 animalium
2137 835 2324 914 magia
2382 841 2418 903 5

344 941 679 1003 attenditur
718 941 785 1000 in
828 938 1279 1014 recordatione,
1325 958 1506 1016 quam
1547 939 1614 997 in
1659 935 1985 1009 memoria,
2046 947 2105 996 et
2143 956 2326 1016 prae-

338 1043 515 1120 cipue
545 1037 873 1098 secundnm
910 1058 1041 1096 earn
1081 1047 1316 1117 partem
1368 1058 1520 1116 quae
1563 1047 1654 1096 est
1697 1037 2076 1099 recordatiua
2121 1037 2324 1096 inten-

336 1141 595 1200 tionum.
672 1136 863 1196 Cuius
888 1137 1127 1214 signnm
1162 1147 1283 1212 est,
1327 1139 1494 1216 quod
1516 1135 1801 1195 animalia
1830 1136 2212 1213 disciplinata
2245 1135 2324 1196 ad

337 1240 549 1310 ludos,
593 1235 670 1297 ad
706 1242 889 1294 nutus
924 1243 1335 1310 etstermones
1372 1236 1794 1314 magistrorum
1829 1253 2076 1296 suornm
2115 1236 2321 1316 perci-

306 1367 313 1371 ·
342 1338 528 1420 piunt
568 1334 915 1395 voluntates
950 1353 1194 1409 eorum,
1239 1345 1300 1392 et
1324 1335 1558 1394 faciunt
1587 1354 1658 1394 ea
1685 1353 1838 1412 quae
1869 1333 1986 1394 sibi
2019 1331 2322 1416 imperan-

341 1448 445 1498 tur
472 1439 551 1498 ad
579 1434 979 1496 intentionem
1007 1453 1256 1492 auorum
1288 1434 1728 1514 magistrorum.
1767 1459 1772 1466 ·
1813 1433 1996 1506 Quod
2023 1441 2224 1493 autem
2253 1433 2324 1494 in
2431 1455 2436 1459 ·
2530 1450 2540 1462 ⁴

328 1539 555 1604 ¹<andita
586 1545 647 1594 et
682 1533 1103 1596 recordatione
1132 1533 1335 1612 potius
1372 1533 1828 1612 apprehendant
1858 1535 2234 1594 voluntatem
2263 1545 2324 1596 et

344 1637 655 1712 affectum,
701 1655 875 1715 quam
922 1643 1279 1713 conceptum
1314 1634 1735 1716 magistrorum
1765 1653 2051 1710 suorum,
2091 1654 2172 1694 ex
2205 1635 2322 1696 hoc

340 1737 747 1820 significatur,
790 1737 956 1820 quod
992 1734 1315 1812 aliquando
1350 1755 1476 1794 non
1507 1735 1740 1798 faciunt
1777 1757 1876 1808 ea,
1919 1737 1995 1794 ad
2025 1755 2178 1814 quae
2210 1736 2310 1794 di-

348 1840 669 1918 sciplinata
696 1844 863 1909 sunt,
904 1834 1023 1894 nisi
1054 1851 1191 1894 cum
1220 1833 1435 1912 minis,
1476 1831 1580 1893 vel
1609 1829 1947 1910 blanditiis,
1995 1833 2094 1894 vel
2119 1831 2324 1914 aliquo

346 1941 521 2020 signo
556 1935 805 1998 terroris
842 1934 947 1994 vel
981 1933 1332 1996 blanditieiz
1387 1943 1646 2014 propter·
1678 1934 1844 2012 quod
1879 1941 2208 2014 operantur
2248 1933 2326 2000 ad

348 2039 629 2100 affectum
655 2033 1033 2117 proferentis·
1064 2033 1464 2114 significatum
1500 2034 1565 2092 in
1595 2053 1742 2094 voce
1755 2077 1773 2107 ,
1827 2041 1888 2093 et
1912 2051 2038 2092 non
2070 2035 2144 2092 ad
2173 2051 2325 2094 con-

347 2149 627 2220 ceptum:
670 2144 741 2230 οῖ’
774 2133 915 2195 ideo
957 2133 1439 2194 articulationem
1480 2135 1646 2192 vocis
1681 2151 1806 2192 non
1842 2129 2326 2211 apprehendunt,

350 2250 412 2303 et
455 2249 657 2298 tamen
692 2245 855 2295 recte
886 2233 1211 2313 perficiunt
1252 2231 1369 2289 sibi
1410 2233 1736 2310 imperata,
1782 2243 1844 2292 et
1873 2241 2200 2292 mouentur
2243 2247 2326 2292 ex

350 2335 675 2417 disciplina
716 2333 947 2414 potius,
1006 2335 1187 2395 inodo
1226 2350 1346 2412 qno
1390 2342 1597 2391 mouet
1625 2343 1872 2409 natura,
1917 2349 2094 2411 quam
2144 2330 2327 2392 modo

352 2455 477 2518 qno
506 2443 715 2496 mouet
738 2433 1121 2514 apprehensa
1150 2441 1209 2492 et
1241 2440 1532 2510 concepta
1561 2431 1818 2494 intentio
1851 2449 2058 2493 rerum
2091 2431 2330 2508 aliqua-

352 2558 527 2599 rum:
582 2535 731 2614 qnia
770 2533 1007 2608 moueri
1054 2553 1133 2592 ex
1177 2530 1528 2592 huiusmodi
1571 2543 1866 2612 concepto
1903 2542 1992 2590 est
2035 2530 2290 2590 rationis
2311 2553 2330 2590 ε

352 2637 591 2698 moneri
630 2646 833 2695 autem
870 2652 951 2692 ex
977 2633 1187 2692 habitu
1218 2631 1285 2687 in
1318 2629 1566 2688 modum
1599 2641 1850 2690 naturae
1881 2633 2198 2704 monente,
2241 2635 2334 2690 est

356 2737 539 2800 etiam
577 2732 901 2796 cuiuslibet
932 2731 1239 2809 potentiae
1268 2728 1435 2788 bruti
1477 2729 1801 2791 sensibilia.
1885 2729 2100 2792 Simile
2128 2723 2330 2789 nutem
2391 2731 2432 2796 6

353 2835 501 2898 huic
522 2833 803 2895 videmus
832 2831 901 2888 in
924 2830 1151 2890 artibus
1180 2827 1544 2888 mechanicia
1561 2873 1579 2907 ‚
1605 2849 1860 2910 quarum
1887 2843 2074 2912 opera
2103 2829 2336 2907 optimo

361 2944 647 2994 exercent
667 2932 943 2993 habitum
972 2929 1261 2988 habentes
1288 2945 1369 2990 ex
1399 2931 1888 3008 consuetudine‚·
1913 2941 1973 2990 et
1997 2927 2336 2989 nescientes

362 3033 567 3112 operis
596 3031 717 3090 sui.
734 3029 1064 3090 rationemz
1108 3035 1169 3087 et
1196 3025 1580 3105 citharizant,
1624 3032 1727 3090 vel
1754 3031 2042 3102 viellant,
2084 3029 2184 3088 vel
2216 3025 2336 3086 ali.-

360 3130 511 3210 quid
554 3129 723 3191 aliud
756 3128 991 3198 faciunt
1026 3145 1105 3188 ex
1141 3127 1273 3186 solo
1316 3127 1530 3188 habitu
1566 3130 2016 3192 consuetudinis
2033 3173 2050 3206 ‚
2105 3127 2342 3188 nullam

358 3247 613 3310 prorsus
658 3225 912 3286 scientes
962 3226 1057 3284 sui
1112 3226 1313 3302 operis
1346 3229 1678 3292 rationem.
1764 3228 1996 3289 Similis
2035 3237 2124 3294 est
2165 3226 2344 3290 diffe-

362 3330 562 3390 rentia
604 3325 767 3386 inter
796 3326 1075 3388 homines
1117 3334 1177 3382 et
1202 3325 1381 3386 bruta
1419 3347 1498 3390 ex
1525 3327 1740 3389 habitu
1769 3339 1932 3390 mota
1959 3327 2340 3407 disciplinae.

364 3427 693 3490 Mouentur
716 3424 877 3486 enim
910 3425 1089 3485 bruta
1110 3425 1267 3484 sicut
1292 3445 1373 3486 ex
1400 3436 1646 3505 natura,
1688 3451 1812 3491 non
1841 3428 2208 3491 attendentia
2228 3445 2344 3486 vo-

366 3549 501 3598 ees,
538 3527 659 3586 nisi
690 3530 877 3604 prout
906 3531 1051 3581 sunt
1082 3524 1251 3602 signa
1280 3527 1613 3588 voluntatis
1657 3531 1784 3590 eins
1802 3533 1910 3613 qui
1937 3539 2140 3606 vocat,
2183 3523 2348 3588 nihil

366 3626 611 3705 penitus
656 3621 1049 3703 percipiendo
1105 3621 1183 3680 de
1222 3623 1650 3692 articulatione
1689 3649 2066 3701 sermonum,
2127 3627 2347 3708 quibus

368 3724 703 3799 alloquitur
734 3743 805 3782 ea
838 3721 1149 3800 magister,
1210 3723 1317 3801 qui
1346 3726 1608 3808 imperat
1635 3749 1838 3810 opera.
1917 3727 2116 3790 Homo
2147 3737 2350 3790 autem

368 3820 516 3886 facit
564 3819 855 3900 imperata
907 3822 1023 3882 sihi
1066 3819 1399 3886 secundnm
1442 3831 1838 3892 intentionem
1894 3827 2352 3900 articulationi8‚

373 3940 527 4000 quae
572 3932 663 3980 est
700 3921 767 3980 in
806 3943 1089 3996 sermone
1132 3928 1505 4006 imperantis.
1591 3929 1882 4008 Superius
1915 3909 2112 3990 antem
2155 3927 2358 3988 deter-

372 4019 675 4079 minatum
732 4031 851 4096 est,
922 4027 1087 4100 quod
1148 4029 1429 4089 animalia
1481 4031 1804 4107 aliquando
1862 4051 1940 4090 ex
1990 4028 2126 4108 ipso
2181 4048 2359 4094 semu

372 4120 581 4181 statim
614 4121 911 4182 obediunt
940 4123 1019 4183 ad
1049 4143 1155 4202 ea,
1196 4127 1273 4187 ad
1300 4148 1454 4206 quae
1479 4129 1869 4210 disciplinata
1895 4137 2066 4208 sunt,
2108 4139 2365 4216 propter

1531 4229 1557 4292 1
1576 4228 1600 4290 i
