2917 4959
514 455 532 469 =
615 434 756 501 DE
805 430 1279 546 ANIMAL.
1330 428 1617 497 HIST.
1669 429 1855 500 vm.
1916 435 2034 503 26.
2171 439 2332 532 ,569

358 635 759 718 apponunt,
812 635 1019 715 atque
1069 611 1163 686 ita
1218 606 1686 686 auxiliantur.⁴
1763 613 2136 711 Elephanti
2186 648 2330 693 non

354 778 597 826 omnes
638 751 874 826 oleum
917 750 1188 822 bibunt.
1273 747 1375 819 At
1426 746 1554 845 qui
1599 747 1890 838 bibunt,
1942 749 1998 819 si
2035 751 2208 848 quid
2253 755 2328 828 in

347 912 603 986 corpus
662 885 751 956 ab
802 883 1119 958 hostibue
1168 879 1492 954 adactum
1554 903 1686 974 est,
1756 881 1898 954 olei
1947 895 2118 982 p‘otu
2168 887 2326 960 eiici

346 1013 766 1117 preedicant.
867 1015 1061 1106 Illis,
1113 1016 1241 1116 qui
1274 1042 1417 1087 non
1453 1013 1742 1122 billum&
1793 1015 2041 1090 vinum
2077 1047 2324 1120 oryzae

344 1177 511 1226 cum
544 1151 705 1226 oleo
739 1168 1019 1222 coctum
1060 1149 1415 1246 praebent.
1465 1148 1772 1246 (Vulgo
1812 1161 1965 1218 est:
2017 1151 2320 1225 radicem

344 1313 511 1359 cum
542 1284 706 1357 oleo
734 1303 1003 1358 coctam
1018 1281 1412 1382 praebent.)
1495 1281 1850 1354 Hactenus
1881 1279 1970 1354 de
1999 1285 2316 1380 quadru-

340 1417 659 1516 pedibus·

340 1651 481 1726 CA
494 1651 572 1725 P.
626 1647 911 1726 XXVI.
945 1649 1185 1752 (vulgo
1216 1648 1534 1728 XXVII.
1575 1649 1924 1752 scaligero
1957 1649 2316 1750 XXXH.)

486 1818 587 1893 At
634 1819 1075 1894 insec'tomm‘
1101 1847 1263 1918 pars
1310 1819 1614 1893 marinna
1645 1821 1822 1895 bene
1879 1823 2096 1913 valet,
2146 1848 2311 1895 cum

340 1967 561 2026 annus
595 1953 939 2030 eiusmodi
979 1955 1065 2027 sit
1079 2008 1100 2047 ‚
1150 1955 1361 2054 quale
1390 1977 1666 2052 tempus
1701 1953 1778 2028 in
1812 1980 1957 2052 quo
1984 1981 2311 2052 generen-

337 2107 475 2180 tur,
524 2115 743 2163 verno
775 2089 1059 2181 similis„
1110 2085 1450 2160 humidus
1487 2107 1554 2160 et
1586 2087 1876 2186 tepidus.
1958 2087 2060 2162 At
2091 2087 2166 2162 in
2197 2091 2308 2162 al·-

332 2220 477 2332 veie
507 2247 720 2320 apum
756 2225 1080 2296 oriuntur
1114 2222 1441 2294 bestiolae
1458 2274 1480 2312 ‚
1535 2249 1714 2318 quae
1741 2224 2170 2322 populantur
2191 2223 2308 2296 fa·-

332 2379 475 2428 vos.
578 2355 1048 2430 Deuasta'ntur
1080 2357 1270 2429 enirn
1308 2383 1346 2426 a
1378 2353 1796 2448 vermiculo,
1851 2356 1977 2454 qui
2005 2358 2138 2430 tela
2181 2359 2307 2430 ob-

333 2485 569 2581 ducit,
602 2515 817 2587 quem
846 2493 1110 2564 clerum
1139 2509 1427 2583 vocant3
1466 2487 1582 2560 alii
1613 2510 1843 2566 autem
1877 2511 2296 2592 pyraustam.

330 2620 527 2696 Parit
576 2625 635 2696 is
682 2623 758 2698 in
808 2625 1081 2698 cellulis
1124 2625 1261 2698 sihi
1306 2623 1570 2706 simile,
1635 2624 1870 2696 aranei
1910 2602 2168 2720 specie:
2221 2653 2302 2698 ac

326 2757 493 2831 facit
510 2813 531 2852 ‚
581 2779 657 2836 vt
704 2761 1005 2858 aegrotet
1046 2785 1359 2832 examen.
1455 2755 1631 2829 Item
1679 2756 1816 2829 alia
1849 2757 2300 2832 bestiola-he-

325 2890 532 2990 piolo
556 2892 843 2986 similis,
862 2893 988 2991 qui
1018 2891 1292 2964 circum
1320 2891 1680 2964 lucernam
1711 2891 2068 2967 ob'uolitat.
2103 2892 2298 2968 Haec

326 3027 515 3124 parit
546 3024 883 3123 quiddam
930 3027 1221 3136 plenmn
1270 3024 1634 3126 lanugine:
1689 3053 1918 3125 neque
1961 3028 2299 3125 pungitur

326 3159 419 3230 ab
447 3155 729 3257 apibus»,
781 3155 904 3230 sed
934 3161 1085 3236 solo
1114 3161 1313 3235 fumo
1338 3161 1638 3258 fugatur.
1722 3157 2189 3234 Innascuntur
2221 3163 2298 3236 in
2357 3197 2370 3238 .·

326 3293 647 3368 aluoeriis
680 3295 889 3369 etiam
921 3264 1165 3370 eruc-:ie
1181 3350 1202 3389 ‚
1239 3320 1411 3395 quas
1440 3315 1692 3368 vocant
1723 3293 2082 3368 teredines.
2151 3296 2298 3370 Has

325 3456 468 3504 non
502 3429 927 3506 insectantur
964 3455 1141 3529 apes·
1204 3429 1610 3527 Aegrotant,
1653 3455 1818 3502 cum
1847 3427 2050 3529 sylua
2091 3429 2297 3502 rubi-

326 3564 603 3661 ginosos
662 3560 871 3640 flores
906 3566 1191 3668 tulerit,
1277 3583 1345 3637 et
1400 3587 1587 3635 anno
1638 3561 1942 3638 sicciore.
2029 3561 2296 3636 Insecta

328 3698 560 3771 omnin
606 3699 764 3774 oleo
794 3701 1176 3777 intereunt:
1225 3698 1620 3792 celerrime,
1670 3696 1730 3772 si
1761 3695 1922 3797 quis
1946 3696 2168 3796 capite
2197 3678 2323 3771 51-'

327 3832 455 3905 lito
484 3831 559 3904 in
593 3835 737 3908 sole
764 3856 992 3934 ponat.
1050 3901 1057 3908 .
1104 3926 1115 3934 .

1344 4051 1550 4175 ‘Aa
