2917 4959
710 517 761 580 Ε
848 505 1825 582 νΕΒεῐοΝι-ῑἈιΒΕΒΤι
1907 519 1989 581 u.
2197 523 2317 603 47⁵

346 689 471 747 test
508 669 586 748 ae
630 685 828 746 facin.
863 685 1045 770 (cap.
1076 687 1217 762 vn,
1246 685 1333 772 4.)
1373 683 1644 767 Propter
1685 683 1858 769 quos
1892 689 2076 750 eiiam
2119 692 2323 752 meai-

346 799 569 846 corum
606 787 791 846 multi
829 787 1179 868 ignorantes
1213 806 1286 845 ea
1312 805 1466 866 quae
1507 787 1776 848 diximus
1792 832 1810 864 ,
1847 791 2116 870 qualiter
2142 789 2324 851 vide-

346 883 497 944 licet
522 884 745 946 accidit
778 891 897 948 ista
925 887 1191 948 dul-icies
1216 887 1286 946 in
1314 889 1611 963 matrice,
1647 897 1714 946 et
1739 889 2010 968 qualiter
2027 891 2316 954 eleustus

346 993 571 1043 venter
598 987 727 1045 sine
750 983 1075 1066 hydropisi
1090 1035 1107 1063 ‚
1135 997 1200 1046 ‘et
1232 986 1619 1046 abscinditur
1639 997 2024 1048 inmun-sum
2040 1032 2059 1063 ,
2085 999 2149 1049 et
2165 1011 2327 1071 pro-

342 1081 631 1163 longatur
667 1087 1018 1162 aegritudo,
1058 1087 1271 1145 dicunt
1299 1085 1466 1163 qued
1497 1085 1565 1142 in
1593 1083 1858 1146 mats-ibe
1877 1096 1982 1147 est
2007 1107 2188 1148 eausa
2221 1091 2326 1150 in-

346 1180 691 1256 firmitatis,
732 1203 885 1260 quae
932 1185 1161 1243 dicitur
1206 1184 1401 1244 mola:
1442 1194 1510 1243 et
1549 1203 1678 1244 non
1708 1195 1804 1243 est
1839 1183 2057 1263 opinio
2101 1207 2326 1251 eorum

344 1297 516 1340 vers.
575 1283 741 1342 Haec
766 1283 931 1342 enim
963 1285 1131 1344 mola
1154 1303 1300 1344 raro
1332 1283 1591 1360 accidit3
1631 1292 1696 1343 et
1718 1283 1770 1343 si
1795 1301 2036 1342 causam
2063 1285 2326 1350 haberet

349 1373 431 1441 ex
455 1379 613 1441 vitio
642 1367 941 1458 matricis,
986 1383 1225 1464 saepius
1257 1383 1565 1444 accideret
1590 1381 1975 1445 mulieribus.
2048 1387 2184 1447 Hoc
2212 1411 2324 1451 au-

348 1489 477 1541 tem
511 1482 817 1556 ostendit,
856 1485 999 1561 quis
1031 1503 1215 1562 saepe
1260 1484 1494 1543 accidit
1529 1483 1707 1543 istam
1744 1483 2164 1546 infirmitatem
2207 1508 2322 1568 pa-

346 1580 678 1655 tientibus,
718 1581 880 1659 quod
925 1595 1303 1643 euacuantur
1338 1591 1401 1642 et
1425 1581 1772 1644 liberantur
1805 1603 1919 1662 per
1941 1585 2180 1646 fluxum
2207 1609 2322 1648 ex·-

350 1683 636 1743 euntibus
666 1683 1183 1761 superfluitatibus
1208 1683 1455 1743 viscosis
1489 1691 1550 1742 et
1577 1683 2045 1744 humiditatibus
2075 1688 2323 1749 subtili·-

288 1777 291 1779 Α
347 1783 461 1842 bus
497 1782 765 1863 aquosis;
809 1790 872 1839 et
914 1801 1053 1840 cum
1101 1783 1231 1842 illis
1262 1781 1592 1862 aliquando
1625 1783 1859 1844 excidit
1889 1803 2035 1846 caro
2078 1788 2223 1848 illa:
2260 1797 2324 1850 et

346 1885 399 1941 si
438 1869 587 1944 tunc
618 1881 1015 1954 remanserit,
1058 1883 1285 1943 iterum
1322 1883 1850 1962 augmentabitur,
1892 1892 1955 1941 et
1981 1883 2326 1965 lapidescit,

354 1995 416 2044 et
456 1984 609 2045 facit
650 1982 1082 2044 abscissionem
1130 1982 1460 2043 menstrui:
1509 1982 1696 2062 (Cap.
1730 1981 1865 2057 vn,
1915 1983 1999 2062 5.)
2035 2005 2108 2044 eo
2155 1987 2324 2066 quod

346 2085 653 2146 menstrui
680 2081 1129 2163 superfluitates
1160 2093 1490 2145 transeunt
1523 2085 1590 2143 in
1619 2102 1784 2156 eam,
1821 2081 1978 2142 sicut
2004 2086 2232 2146 accidit
2256 2088 2324 2146 iu

348 2185 753 2246 lactantibus:
799 2183 1090 2261 quoniam
1132 2189 1240 2241 aut
1268 2181 1429 2242 nihil
1455 2188 1561 2240 aut
1587 2181 1899 2242 modicum
1929 2193 2323 2244 menstruan-

346 2293 470 2362 tur,
514 2281 755 2363 quando
780 2281 1052 2342 abundat
1080 2281 1179 2341 lac
1204 2283 1272 2341 in
1306 2280 1685 2341 mammillis.
1759 2278 1936 2341 Nihil
1965 2292 2170 2343 autem
2201 2283 2322 2344 ho-

344 2404 492 2445 rum
528 2380 872 2455 accideret,
911 2380 963 2438 si
1001 2379 1379 2440 infirmitatis
1424 2398 1631 2440 caussa
1669 2389 1828 2439 esset
1873 2401 1953 2442 ex
1995 2381 2150 2442 vitio
2179 2403 2320 2454 ma-

342 2481 540 2542 tricis.
623 2479 731 2540 Est
758 2490 960 2541 autem
991 2481 1059 2539 in
1086 2481 1202 2542 hac
1229 2479 1590 2540 infirmitate
1619 2489 1682 2538 et
1704 2479 1824 2538 alia
1851 2479 2163 2560 deceptio,
2199 2501 2323 2561 qua

348 2579 612 2662 plurimi
676 2579 995 2661 inexperti
1056 2581 1467 2661 decipiuntur.
1565 2578 1912 2658 Aliquando
1987 2581 2150 2642 enim
2207 2582 2322 2644 de-

350 2683 652 2742 scendunt
668 2680 1062 2742 humiditates
1086 2681 1433 2759 superfluae
1454 2678 1748 2757 expulsae
1765 2679 1842 2736 de
1867 2680 2160 2739 membris
2179 2701 2322 2742 cor-

348 2781 549 2863 poris,
595 2790 658 2840 et
687 2792 1144 2859 congregantur
1171 2780 1248 2840 ad
1278 2780 1485 2837 locum
1505 2821 1522 2852 ,
1554 2777 1657 2856 qui
1689 2786 1781 2836 est
1802 2779 1972 2840 inter
1999 2779 2322 2840 matricem

354 2891 418 2941 et
449 2890 735 2942 ventrem
762 2880 893 2940 siue
918 2879 1333 2952 stomachum,
1378 2887 1442 2936 et
1470 2887 1725 2957 putatur
1751 2887 1928 2955 tunc,
1959 2875 2125 2957 quod
2152 2879 2323 2942 mola

288 3051 299 3058 q
346 2980 427 3040 sit
452 2989 712 3058 propter
740 2978 1210 3039 similitudinem
1243 2978 1532 3039 tumorisz
1577 2983 1642 3036 et
1671 2985 1880 3037 tamen
1911 2977 2318 3055 cognoscitur,

347 3081 580 3140 molam
621 3097 749 3138 non
792 3097 952 3153 esse,
992 3079 1069 3138 de
1112 3079 1285 3138 facili
1314 3078 1369 3138 si
1404 3083 1690 3158 tangatur
1729 3076 1987 3136 matrix:
2031 3073 2320 3153 quoniam

352 3179 405 3237 si
451 3175 781 3236 infirmitas
826 3187 919 3236 est
953 3178 1021 3236 in
1048 3179 1187 3237 loco
1224 3179 1393 3237 dicto
1427 3189 1491 3238 et
1528 3179 1598 3237 in
1628 3187 1802 3237 tactu
1843 3174 2153 3254 matricis,
2192 3193 2324 3234 non

350 3279 616 3338 sentitur
654 3287 861 3336 tumor
893 3296 1091 3355 neque
1122 3274 1419 3341 duricies:
1460 3297 1617 3358 quae
1645 3287 1790 3336 sunt
1819 3275 2164 3337 accidentia
2185 3293 2324 3332 mo-

346 3381 480 3454 lae3
521 3397 645 3435 non
684 3375 805 3437 erit
834 3377 999 3434 mola
1032 3377 1195 3453 quod
1225 3386 1478 3456 putatur
1514 3378 1682 3439 mola
1718 3396 1877 3454 esse„
1949 3373 2028 3435 Et
2057 3374 2110 3433 si
2142 3376 2322 3435 locus

300 3459 310 3470 ’
347 3476 729 3540 infirmitatis
774 3484 865 3534 est
903 3473 1121 3544 durus,
1155 3475 1316 3534 sicut
1346 3474 1618 3534 duricies
1651 3475 2074 3556 apostematis,
2127 3483 2190 3531 et
2226 3481 2321 3532 est

348 3577 561 3657 frigidi
584 3585 786 3637 tactus
801 3620 820 3653 ,
858 3585 1009 3636 tunc
1034 3586 1253 3634 notum
1282 3583 1375 3635 est
1389 3615 1427 3649 ‚-
1444 3573 1610 3656 quod
1633 3575 1799 3634 mola
1827 3584 1949 3649 est;
1991 3573 2320 3652 praecipue

348 3681 403 3738 si
423 3679 614 3738 durus
644 3687 853 3738 tumor
881 3695 1065 3736 mauu
1090 3674 1371 3734 voluitur
1394 3675 1472 3734 de
1505 3675 1642 3734 loco
1669 3673 1746 3734 ad
1775 3675 1999 3734 locum.
2035 3671 2204 3754 (Cap.
2221 3670 2322 3746 111,

350 3777 411 3840 6.
450 3786 513 3836 et
549 3777 627 3858 7.)
670 3779 737 3838 si
778 3785 984 3838 autem
1011 3777 1238 3836 mulier
1283 3795 1407 3836 non
1448 3775 1639 3834 sentit
1668 3773 1956 3836 dolorem
1995 3780 2057 3830 et
2091 3778 2320 3847 tumet,

351 3897 490 3937 cum
518 3877 599 3935 sit
624 3876 1061 3954 impraegnata,
1095 3878 1245 3954 (non
1279 3881 1480 3938 omisit
1505 3879 1754 3948 Veneta)
1773 3871 1892 3932 hoc
1921 3880 2014 3931 est
2037 3869 2320 3930 difficile:

350 3975 641 4059 quoniam
678 3984 772 4033 est
810 3971 881 4034 in
912 3975 1195 4053 periculo
1230 3977 1451 4036 molae.
1530 3975 1726 4051 Saepe
1759 3980 1997 4047 autem,
2029 3971 2190 4031 siout
2214 3989 2323 4026 su-

348 4078 561 4159 perius
574 4075 861 4154 diximus,
884 4073 1137 4136 attrahit
1158 4075 1438 4134 mulieris
1466 4071 1694 4158 matrix
1708 4080 2002 4148 quantum
2029 4068 2250 4130 sufficit
2263 4067 2322 4130 ei
