2917 4959
666 495 764 566 90
938 551 948 561 ,
1264 465 2044 540 Ams'roTEms

658 659 807 756 pite
846 651 1266 728 contendunt
1296 653 1449 749 ipso
1467 706 1487 744 ‚
1542 675 1750 754 atque
1792 651 1924 727 hae
1957 641 2285 753 iugulum
2314 663 2630 736 subeunt.

657 791 830 866 Inde
860 793 945 861 ab
974 809 1263 885 Vtraque
1296 787 1430 858 sub
1458 789 1814 886 scapulam
1843 809 2054 887 atque
2098 791 2170 864 in
2199 805 2448 867 'manus
2473 816 2636 868 ten-

538 973 547 982 ·
654 925 846 1010 dunt.
901 923 1264 1020 Apparent
1295 922 1504 996 etiam
1529 948 1751 1021 prope
1775 923 2108 1010 lienarem
2135 946 2203 1000 et
2227 927 2632 1002 icem-ariam

628 1059 822 1133 -nliae
851 1059 1061 1156 paulo
1090 1058 1399 1130 minores
1417 1112 1437 1148 ‚
1491 1069 1664 1154 quas
1692 1058 1748 1128 si
1776 1081 1993 1148 secoe,
2047 1067 2298 1156 oper-'ae
2323 1063 2628 1160 pretium

649 1215 747 1266 est
767 1247 786 1284 ‚
838 1220 1003 1264 cum
1041 1189 1218 1290 quid
1250 1190 1483 1265 morbi
1513 1195 1643 1268 sub
1676 1213 1833 1264 cute
1863 1213 1993 1264 est:
2045 1214 2112 1264 at
2139 1193 2214 1265 in
2255 1198 2628 1269 ventriculi

651 1326 1203 1426 aegritudinibus
1267 1326 1680 1399 iecorariam
1751 1347 1817 1398 et
1867 1325 2215 1399 lienarem.
2320 1329 2439 1402 Ab
2487 1332 2628 1404 illi-s

556 1459 565 1464 ⁵
654 1463 822 1536 aliae
854 1463 1058 1534 etiam
1103 1463 1177 1532 in
1220 1486 1558 1532 mammas
1608 1479 1934 1556 vergunt:
1988 1460 2162 1532 aliae
2203 1465 2292 1533 ab
2335 1483 2624 1563 vtraque

646 1617 889 1674 tenues
921 1619 1046 1692 per
1078 1595 1421 1692 spinalem
1456 1590 1842 1664 medullam
1889 1591 1964 1663 in
2011 1611 2243 1666 testes:
2295 1595 2466 1666 aliae
2493 1597 2622 1667 suh

646 1751 803 1802 cute
833 1753 959 1826 per
990 1755 1271 1800 carnem
1301 1728 1377 1800 in
1416 1752 1648 1820 renes;
1699 1753 1880 1825 quae
1907 1727 1982 1798 in
2013 1727 2170 1799 viro
2200 1728 2509 1819 testibuS‚
2545 1730 2622 1802 in

641 1865 903 1937 femina
943 1863 1149 1938 vteris
1182 1862 1660 1934 terminantur.
1767 1860 1966 1946 Quae
2008 1888 2220 1934 venae
2267 1862 2534 1960 primae
2582 1891 2618 1936 a

642 1998 1033 2076 ventriculo
1064 1996 1388 2086 veniunt,
1436 1969 1714 2069 latiores
1741 2016 1934 2066 sunt:
1968 1993 2219 2068 deinde
2247 2015 2617 2069 attenuan-

646 2153 789 2226 tur,
826 2131 1055 2208 donec
1079 2149 1506 2202 commutent
1539 2128 1804 2220 sedem,
1835 2149 1912 2200 vt
1936 2155 1975 2200 a
2002 2124 2244 2201 dextra
2269 2131 2619 2236 sinistror-

641 2293 797 2340 sum
814 2319 835 2359 ,
888 2287 1096 2366 atque
1145 2261 1464 2336 indidem
1510 2265 1588 2336 in
1629 2261 1962 2336 dextram.
2067 2261 2220 2334 Hae
2257 2263 2616 2336 seminales

638 2400 1092 2496 appellantur.
1168 2398 1466 2502 Sanguis
1495 2398 1952 2469 crassissimus
1985 2423 2022 2468 a
2054 2397 2366 2494 partibus
2391 2398 2613 2470 carni·

636 2533 979 2606 formibus
1010 2532 1363 2628 exugitur:
1406 2531 1534 2632 qui
1561 2557 1732 2605 vero
1761 2531 1838 2603 in
1869 2531 2046 2603 haec
2063 2529 2405 2604 redundat
2433 2531 2607 2624 loca,

636 2665 862 2741 tenuis
894 2686 961 2739 et
977 2663 1244 2738 calidus
1264 2685 1335 2736 et
1361 2691 1730 2763 spumosus
1763 2667 1859 2736 fit.
1913 2663 2107 2736 Haec
2137 2663 2348 2761 igitur
2371 2664 2608 2765 Syen-

636 2804 819 2875 nesis
852 2822 919 2874 et
945 2801 1294 2899 Diogenes
1320 2797 1776 2874 tradiderunt.
1858 2799 2173 2902 Polybus
2199 2819 2429 2873 autem
2459 2802 2600 2874 sict

637 2935 1000 3011 Venarum
1033 2935 1193 3033 iuga
1224 2933 1512 3034 [genera
1545 2935 1691 3004 alii
1708 2934 2050 3034 Codices]
2081 2915 2380 3035 quatuor
2401 2921 2600 3010 sunt:

632 3097 854 3146 vnum
911 3097 1097 3170 pone
1142 3091 1354 3168 caput
1398 3095 1524 3168 per
1577 3069 1844 3142 collum
1887 3049 2308 3167 extrinsecus
2321 3125 2344 3164 ,
2411 3071 2604 3145 iuxta

632 3202 921 3276 dorsum
952 3203 1123 3278 hinc
1163 3225 1370 3302 atque
1399 3203 1607 3298 hinc,
1659 3202 1748 3277 ad
1785 3183 1976 3276 nates
2005 3231 2221 3304 vsque
2263 3227 2332 3278 et
2357 3233 2600 3280 crura:

534 3321 543 3330 ⁶
630 3336 881 3411 deinde
920 3365 1045 3439 per
1078 3338 1281 3410 tibias
1326 3336 1416 3410 nd
1446 3337 1756 3412 malleoli
1799 3338 2210 3413 exteriorem
2237 3343 2502 3436 partein
2527 3357 2597 3412 et

628 3471 717 3546 ad
748 3470 975 3572 pedes,
1048 3473 1284 3559 Quare
1314 3472 1391 3546 in
1416 3471 1785 3546 doloribus
1817 3471 2009 3547 dorsi
2035 3492 2104 3544 et
2131 3467 2594 3544 coxendicum

550 3611 558 3616 ”
627 3605 717 3680 de
780 3606 1162 3706 poplitibus
1210 3633 1291 3679 ac
1356 3607 1696 3681 malleolis
1756 3605 2025 3680 extimis
2069 3627 2276 3678 venas
2337 3627 2588 3679 secant.

624 3739 831 3816 Aliae
858 3767 1069 3818 venae
1101 3767 1140 3812 a
1171 3741 1396 3836 capite
1430 3768 1653 3840 prope
1681 3767 1875 3815 aures
1909 3763 2034 3836 per
2058 3735 2355 3829 collum,
2409 3765 2590 3837 quae

623 3876 1072 3949 nominantur
1113 3874 1140 3946 i
1351 3899 1496 3947 res:
1547 3875 1734 3946 intus
1767 3898 1896 3971 per
1939 3871 2229 3946 dorsum
2258 3893 2587 3971 vtraeque

622 4027 977 4102 porrectae
1024 4011 1100 4087 in
1142 4029 1340 4086 testes
1382 4037 1461 4086 ac
1509 4009 1771 4084 femora
1824 4033 1950 4107 per
1990 4005 2306 4102 lumbos,
2355 4027 2422 4080 et
2459 4031 2584 4104 per
