2917 4959
718 513 771 576 E
853 511 1333 576 VERSIONE
1415 513 1828 577 ALBERTI
1909 517 1989 580 M.
2199 517 2320 596 469

344 703 571 749 mrum
606 702 725 764 per
750 703 817 744 se
858 703 987 745 esse
1018 705 1099 744 ex
1128 692 1257 744 toto
1290 691 1620 764 spermate,
1663 687 1770 748 sed
1805 687 2006 766 potius
2036 685 2326 766 quiddam

344 785 666 865 spermatis
694 784 979 863 peruenit
1013 784 1089 844 ad
1108 803 1297 844 vnum
1324 783 1588 862 aliquem
1609 786 1826 844 ‚locum
1853 786 2138 861 matricis,
2165 795 2226 844 et
2251 783 2324 844 fit

345 902 429 944 ex
454 904 527 944 eo
561 881 1067 958 embriovnicus,
1109 892 1172 942 et
1196 882 1486 963 quiddam
1511 882 1704 962 ipsius
1729 886 2016 962 peruenit
2039 883 2113 943 ad
2131 883 2322 943 alium

340 983 553 1044 locum
568 981 835 1043 matricis
852 1025 871 1058 ,
914 991 978 1043 et
998 981 1069 1042 fit
1090 1000 1175 1040 ex
1204 1001 1277 1042 eo
1302 980 1538 1042 embrio
1565 982 1748 1056 alius,
1793 994 1854 1046 et
1877 985 1966 1044 sic
1989 991 2324 1044 nascuntur

341 1081 581 1162 gemini.
665 1081 943 1158 Amplius
988 1087 1187 1138 autem
1222 1079 1442 1138 mulier
1481 1079 1646 1140 ‘eiicit
1677 1102 1916 1160 sperma
1949 1105 2124 1143 suum
2159 1081 2324 1160 apud

338 1182 641 1245 orificium
672 1197 817 1237 suae
842 1175 1111 1236 matricis
1141 1178 1453 1252 inlocum,
1483 1174 1548 1235 in
1573 1199 1750 1257 quem
1779 1180 1944 1240 eiicit
1964 1182 2166 1260 ipsum
2187 1180 2320 1241 vir.

336 1291 401 1344 et
442 1302 581 1342 cum
621 1278 799 1337 ambo
844 1283 1145 1352 spermata
1192 1275 1472 1338 cadunt'
1451 1297 1520 1336 m
1555 1297 1776 1352 vnum,
1817 1289 1878 1338 et
1907 1289 2056 1340 tunc
2090 1280 2322 1341 matrix

231 1373 245 1382 ⁸
336 1377 629 1442 attrahit
608 1395 810 1456 ipsum
842 1383 1029 1434 vento
1056 1373 1123 1433 in
1152 1374 1453 1435 trahendo
1484 1375 1766 1454 spiritum
1797 1397 1913 1457 per
1937 1377 2188 1437 modum
2213 1398 2321 1436 su·-

337 1479 570 1559 gentis:
613 1475 771 1536 sicut
796 1494 864 1533 os
891 1483 951 1534 et
974 1493 1149 1534 nares
1178 1474 1541 1554 spirantium
1571 1475 1884 1536 attrahunt
1901 1496 2120 1536 aerem.
2162 1473 2322 1534 Om-

334 1597 417 1640 ne
443 1586 642 1638 autem
670 1574 1042 1649 membrum,
1068 1573 1234 1651 quod
1279 1573 1401 1634 hoc
1436 1577 1619 1636 modo
1650 1585 1836 1636 vento
1869 1586 1932 1641 et
1959 1578 2319 1638 attractione

335 1676 587 1758 spiritus
618 1674 887 1754 sugendo
930 1673 1174 1752 aliquid
1204 1674 1281 1735 ad
1318 1696 1385 1736 se
1428 1675 1642 1751 trahit,
1701 1678 1769 1735 in
1808 1676 2114 1755 superiori
2143 1683 2318 1756 parte

332 1793 445 1838 sua
461 1775 647 1835 hahet
670 1773 1125 1848 concauitatem,
1150 1773 1217 1834 in
1236 1793 1416 1853 quam
1439 1773 1736 1855 recipitur
1757 1785 1974 1836 ventus
1997 1777 2314 1835 intractus.

332 1875 517 1959 (Cap.
550 1873 669 1947 111,
702 1871 787 1951 8.)
829 1873 928 1933 Λᾶ
959 1891 1293 1934 concauam
1338 1883 1540 1934 autem
1581 1873 1848 1933 matricis
1876 1875 2044 1935 vadit
2071 1893 2316 1952 sperma

336 1975 499 2035 collo
538 1972 807 2032 matricis
840 1973 1169 2048 mediante,
1212 1974 1377 2053 quod
1420 1984 1514 2035 est
1545 1971 1707 2032 inter
1747 1993 1814 2034 os
1842 1973 2067 2033 vuluae
2096 1981 2158 2031 et
2181 1973 2315 2032 ori-

332 2073 543 2134 ficium
572 2071 842 2133 matricis
874 2073 1275 2134 intrinsecum
1289 2117 1307 2150 ‚
1342 2093 1529 2153 super
1549 2072 1712 2151 quod
1741 2081 1832 2132 est
1853 2072 2122 2133 matricis
2160 2090 2313 2131 con-

331 2174 575 2234 cauitas.
659 2171 793 2232 Hoc
834 2181 1035 2240 autem
1078 2172 1307 2232 collum
1353 2182 1445 2235 est
1474 2172 1616 2231 loco.
1653 2170 1864 2251 virgae
1895 2171 1964 2230 in
2004 2169 2310 2242 masculis,

329 2273 491 2332 sicut
513 2270 783 2332 diximus
804 2271 871 2330 in
892 2271 1210 2332 anatomia.
1279 2271 1512 2333 Ventus
1539 2281 1738 2332 autem
1765 2269 1855 2329 sic
1885 2279 2165 2331 attractus
2195 2287 2312 2346 per

330 2371 565 2432 collum
594 2370 859 2431 matricis
909 2390 1039 2430 non
1072 2379 1188 2430 stat
1216 2369 1286 2430 in
1325 2373 1488 2432 collo
1525 2370 1794 2432 matricis
1808 2413 1828 2440 ,
1867 2371 1974 2430 sed
2006 2369 2315 2450 spargitur:

332 2481 397 2530 et
438 2468 801 2530 diffunditur
836 2471 907 2530 in
946 2488 1215 2532 concauo
1252 2471 1520 2532 matricis
1556 2492 1678 2551 per.
1715 2481 1912 2531 totum
1943 2469 2012 2529 in
2052 2468 2312 2529 introitu.

331 2571 463 2630 eius
482 2593 499 2632 z
516 2578 771 2650 propter
784 2569 965 2648 ssquod
997 2569 1179 2630 etiam
1210 2571 1498 2632 mulieres
1528 2591 1658 2631 non
1673 2572 1856 2650 longe
1884 2571 2160 2650 mingunt
2187 2566 2312 2626 sic-

330 2677 407 2731 vt
437 2669 593 2744 viri,
648 2669 791 2748 quia
814 2691 927 2733 nec
956 2669 1189 2749 virgam
1217 2670 1443 2732 habent
1470 2670 1912 2750 dependentem
1927 2714 1944 2744 ,
1983 2667 2198 2744 neque‘
2217 2674 2311 2725 et-

330 2768 455 2830 iam
483 2770 905 2831 ventositatem
932 2767 1351 2850 impellentem
1380 2768 1564 2848 longe
1582 2814 1599 2845 ,
1643 2789 1716 2828 eo
1749 2768 1916 2848 quod
1945 2763 2308 2854 diffunditur

332 2869 402 2931 in
431 2887 609 2931 sacco
638 2867 937 2931 man-icis:
982 2868 1093 2930 sed
1122 2863 1252 2928 exit
1276 2867 1472 2928 fluens
1503 2868 1584 2928 ah
1609 2869 1698 2929 eis
1721 2869 1900 2929 vrina
1924 2883 2118 2947 prope
2149 2881 2308 2937 crus,

330 2967 573 3046 quando
622 2967 955 3030 extrahunt
999 2987 1149 3030 eam.
1245 2965 1403 3028 Hinc
1443 2967 1624 3028 etiam
1669 2975 1793 3042 est,
1861 2965 2026 3044 quod
2064 2961 2310 3041 quando

331 3073 478 3128 suut
514 3065 585 3124 in
610 3063 917 3125 desiderio
946 3075 1010 3125 et
1044 3063 1302 3128 libidine
1342 3085 1557 3146 magna
1595 3067 1822 3139 coitus,
1871 3085 2000 3124 non
2036 3065 2314 3126 remanet

332 3163 563 3222 matrix
606 3173 669 3225 et
691 3165 883 3225 vulua
919 3163 987 3223 in
1031 3165 1450 3244 dispositione,
1493 3164 1562 3224 in
1589 3187 1706 3245 qua
1745 3173 1919 3225 erant
1945 3171 2082 3222 aute
2115 3160 2310 3220 coitus

332 3261 703 3323 desiderium
720 3307 738 3338 ,
779 3261 889 3322 sed
908 3264 1113 3341 potius
1134 3263 1432 3338 ‚inflantur
1458 3275 1522 3328 et
1550 3273 1876 3328 mouentur
1896 3261 2221 3342 aperiendo
2249 3269 2313 3321 et

334 3361 671 3424 claudendo
698 3379 813 3442 per
838 3361 1301 3438 vaporationem
1330 3367 1500 3426 venti
1531 3366 1640 3444 qui
1665 3363 1850 3426 estin
1869 3363 2140 3424 matrice.
2181 3359 2311 3422 Ex·-

331 3461 455 3522 itus
488 3470 691 3523 autem
725 3459 1047 3542 spermatis
1086 3471 1177 3524 est
1204 3463 1510 3527 mediante
1545 3465 1706 3526 collo
1747 3463 1884 3524 isto.
1965 3461 2171 3523 Partes
2200 3479 2312 3518 au-

334 3571 461 3622 tem
482 3561 645 3622 ‘istae
688 3557 955 3622 matricis
998 3559 1342 3641 superiores
1380 3573 1524 3627 sunt
1549 3562 1896 3644 ampliores,
1941 3580 2122 3640 quam
2166 3557 2312 3618 illae

334 3679 493 3739 quae
528 3669 673 3719 sunt
698 3677 893 3739 prope
932 3661 1161 3722 collum
1202 3662 1491 3726 man-icis.
1570 3660 1954 3723 assimilatur
1976 3657 2144 3718 enim
2182 3655 2314 3714 col-

334 3759 471 3819 lum
500 3757 770 3817 matricis
795 3758 1023 3838 figurae
1046 3761 1215 3822 nasi:
1256 3785 1435 3824 nasus
1471 3761 1635 3824 enim
1659 3761 1846 3822 habet
1870 3760 2034 3820 viam
2063 3757 2138 3818 ad
2165 3774 2334 3828 can-5.

336 3877 513 3929 nam,
554 3875 669 3936 per
700 3875 881 3936 quam
910 3869 999 3919 est
1020 3861 1375 3941 respiratio:
1412 3873 1474 3926 et
1497 3863 1652 3924 haec
1693 3869 1786 3920 est
1811 3869 2004 3922 arcta:
2043 3866 2104 3918 et
2131 3856 2314 3915 aliam

338 3964 576 4038 partem
620 3955 758 4017 viae
784 3953 970 4020 habet
1007 3961 1083 4019 ad
1116 3979 1315 4022 aerem
1354 3961 1796 4038 hauriendum,
1829 3971 1892 4020 et
1926 3959 2035 4019 illa
2069 3964 2158 4015 est
2183 3974 2316 4013 am-

252 4128 259 4136 ·
336 4055 463 4136 pla.
542 4054 843 4119 Similiter
882 4067 946 4119 et
966 4059 1192 4122 collum
1231 4064 1500 4126 matricis
1541 4063 1726 4134 habet
1758 4059 1924 4125 viam
1949 4073 2217 4141 paruam
2253 4059 2316 4112 et
