2917 4959
602 500 757 594 296
1206 491 1966 564 Ams‘ro'rnms

606 685 824 757 tortis.
927 681 1147 778 quue
1214 696 1461 752 vocant
1527 672 1778 746 Graeci
1829 673 2211 770 τραγίζειν
2225 724 2251 760 ,
2341 673 2580 751 Latini

510 835 551 878 2
612 815 1101 914 hirquitallire.
1204 810 1460 883 Euenit
1497 807 1635 880 hoc
1665 805 1884 902 magis
1914 808 2037 901 iis,
2105 807 2231 907 qui
2265 834 2588 886 venerem

610 949 951 1023 tentarint.
1056 944 1241 1019 Nam
1286 942 1413 1042 qui
1462 938 1804 1014 eiusmodi
1838 969 1994 1032 ,rem
2037 963 2411 1041 appetunt,
2499 945 2592 1018 iis

610 1102 916 1158 mutatur
946 1092 1100 1156 vox'
1132 1079 1339 1152 etiam
1390 1078 1468 1148 in
1513 1074 1821 1148 virilem:
1873 1076 2373 1150 abstinentibus
2423 1104 2592 1151 con·-

610 1239 737 1290 tra.
842 1213 1063 1301 Quod
1112 1212 1171 1285 si
1218 1239 1382 1284 cura
1426 1207 1734 1282 adhibita
1767 1206 1856 1281 ad
1889 1207 2262 1282 arcendum
2295 1210 2440 1284 hoc
2468 1211 2593 1284 in-

614 1347 1071 1424 commodum
1090 1344 1568 1436 connituntur,
1613 1341 1718 1440 (id
1749 1341 1945 1441 quod
1974 1364 2184 1440 agunt
2215 1369 2300 1417 ex
2332 1343 2418 1414 iis
2441 1344 2598 1442 qui..

619 1483 819 1574 dam,
872 1484 998 1580 qui
1034 1479 1331 1554 musicae
1362 1479 1528 1549 artis
1557 1498 1624 1550 et
1653 1499 1891 1566 cantus
1919 1477 2190 1551 chorici
2220 1474 2454 1550 studio
2485 1497 2596 1550 te-

622 1615 927 1710 nentur‚)
960 1637 1171 1712 porro
1200 1637 1417 1709 vsque
1446 1609 1810 1711 perdurat:
1861 1613 2206 1713 longeque
2233 1611 2596 1684 minimam

622 1749 882 1846 patitur
912 1746 1387 1818 mutationem.
1443 1747 1792 1818 Mammae
1819 1774 2102 1845 quoque
2121 1768 2598 1844 exturgeseunt

626 1901 695 1953 et
720 1879 1077 1977 genitalia3
1116 1905 1343 1976 neque
1378 1880 1608 1951 solum
1640 1881 1715 1952 in
1751 1880 2322 1979 magnitudinem,
2357 1881 2475 1953 sed
2505 1903 2599 1954 et·-

629 2015 773 2087 iam
802 2014 877 2086 in
904 2015 1115 2087 aliam
1145 2013 1461 2110 speciem.
1533 2015 1791 2086 Euenit
1817 2015 1956 2088 hoc
1977 2043 2260 2114 quoque
2295 2037 2602 2114 tempore

628 2147 737 2240 iis,
775 2149 903 2246 qui
929 2147 1303 2222 libidinosa
1328 2149 1796 2224 attrectatione
1827 2152 2254 2225 solicitantur
2285 2149 2375 2222 ad
2403 2151 2602 2224 emit·-

632 2279 921 2354 tendum
962 2310 1191 2357 semen
1208 2337 1228 2374 ,
1279 2304 1357 2357 vt
1406 2306 1708 2390 exeunte
1743 2311 1826 2358 eo
1873 2313 2030 2360 non·
2070 2285 2304 2358 solum
2335 2287 2606 2385 capiant

534 2429 575 2492 3
638 2415 1063 2510 voluptatem
1080 2469 1100 2504 ‚
1152 2413 1274 2488 sed
1300 2417 1508 2490 etiam
1537 2418 1782 2492 dolore
1811 2419 2188 2515 capiantur.
2259 2419 2391 2492 Per
2418 2419 2606 2493 idem

630 2566 905 2644 tempus
936 2547 1277 2620 foemellis
1302 2575 1592 2647 quoque
1616 2552 1968 2626 mamillae
1997 2553 2499 2647 intumescunt,
2541 2575 2608 2628 et

580 2727 585 2734 -
636 2707 813 2780 quae
854 2681 1203 2781 appellant
1240 2705 1588 2758 menstrua
1617 2707 2015 2784 eiumpunt.
2119 2689 2222 2762 Ea
2253 2709 2412 2760 sunt
2441 2714 2608 2760 san-

634 2817 791 2911 guis
835 2815 1033 2912 quasi
1074 2843 1312 2890 recens
1350 2819 1526 2890 caesi
1573 2820 1910 2894 animalis.
2015 2821 2204 2898 Nam
2235 2847 2412 2922 quae
2443 2841 2607 2900 sunt

634 2946 825 3038 alba,
861 2945 1069 3044 etiem
1092 2949 1383 3024 omnino
1410 2927 1664 3026 tenella
1693 2975 1907 3028 aetate
1928 2959 2389 3054 proueniunt,
2418 2977 2608 3030 tanto

633 3080 888 3176 magiS,
936 3081 996 3155 si
1022 3084 1301 3162 alantur
1338 3083 1860 3160 humidioribus
1889 3088 2082 3162 cibis.
2187 3091 2288 3168 At
2323 3119 2404 3166 ea
2435 3119 2612 3190 pro—

634 3211 884 3288 hibent
917 3216 1424 3300 inccementum
1473 3221 1944 3318 puellulamm
1963 3277 1986 3314 ,
2037 3253 2416 3332 earumque
2445 3253 2615 3299 cor-

637 3369 810 3442 pora
840 3370 1227 3426 extenuant.
1332 3352 1474 3429 Sed
1507 3358 1834 3456 plurimis
1865 3360 2232 3438 soluuntur
2261 3379 2617 3431 menstrua

636 3478 895 3578 prima,
950 3485 1243 3564 vibi-iam
1280 3517 1622 3568 mammae
1655 3495 1726 3570 in
1759 3495 2140 3594 digitorum
2169 3489 2478 3565 duorum
2505 3493 2613 3567 al·-

636 3613 1009 3728 titudinem
1036 3615 1401 3698 tolluntur.
1505 3624 1742 3726 Atque
1767 3630 1968 3704 etiam
2001 3624 2615 3724 puellismutatur

634 3777 781 3846 vox·
814 3751 957 3827 hoc
1002 3777 1315 3856 tempore
1364 3758 1441 3848 in
1481 3785 1730 3836 sonum
1761 3760 2224 3858 -3rauiorem.·
2295 3759 2617 3834 Omnino

634 3908 935 3987 namque
966 3912 1067 3964 est
1096 3894 1411 3968 mulieris
1442 3923 1655 3992 quam
1683 3895 1818 3971 viri
1846 3923 1986 3970 vox
2019 3897 2309 3974 acutior.
2411 3893 2518 3968 Ita
2547 3917 2615 3969 et

629 4023 917 4146 ’puellae
942 4054 1162 4127 quam
1198 4029 1660 4140 adultiorum3
1711 4031 2314 4130 quemadmodum
2353 4035 2612 4130 puero-
