2917 4959
546 457 691 529 248
1156 450 1914 521 ARISTOTELIS

554 631 1155 739 quemadmodum
1212 634 1291 709 in
1344 636 1674 729 aniculis,
1747 636 1846 708 ita
1899 635 1976 708 in
2035 635 2545 732 pisciculorum

555 774 719 847 alno
734 772 1148 845 continetur
1182 768 1381 843 cibus
1398 824 1419 863 ,
1489 770 1564 839 in
1603 769 1747 842 illis
1783 772 2016 845 luteus
2035 824 2058 863 ‚
2110 769 2188 843 in
2219 770 2333 843 his
2369 801 2547 847 can-

556 904 789 980 didus.
894 902 1057 991 Qua
1118 930 1289 979 vero
1342 900 1516 975 facie
1577 903 1831 983 matrix
1882 906 1971 977 sit
1987 960 2010 997 ,
2079 902 2547 985 dissectarum

559 1066 939 1137 corporum
990 1028 1291 1138 picturis
1348 1009 1790 1134 compertum
1845 1038 2121 1113 habeto.
2227 1040 2326 1114 At
2373 1070 2544 1117 vero

558 1174 766 1248 etiam
802 1174 985 1248 inter
1030 1200 1105 1247 se
1148 1171 1520 1245 differunt:
1571 1200 1736 1245 nam
1767 1199 1996 1272 neque
2039 1174 2220 1247 inter
2261 1202 2332 1249 se
2347 1230 2368 1269 ,
2413 1204 2546 1251 ne-

560 1336 701 1409 que
750 1338 919 1383 cum
969 1309 1131 1381 latis
1176 1308 1612 1382 conueniunt
1653 1334 1904 1405 genera
1947 1286 2546 1391 mustelaoeorum.

564 1442 885 1532 Quidam
928 1443 1119 1517 enim
1168 1441 1259 1515 ad
1289 1441 1598 1516 matricis
1632 1439 1946 1516 medium
1989 1443 2175 1517 circa
2208 1442 2404 1519 dorsi
2435 1446 2552 1519 lo-

566 1608 731 1653 cum
776 1578 1223 1650 adhaerentia
1267 1575 1532 1649 habent
1569 1602 1744 1668 oua,
1811 1576 1996 1649 sicut
2039 1598 2238 1651 antea
2283 1574 2553 1651 dictum

568 1734 685 1811 est.
742 1706 1179 1785 Huiusmodi
1210 1729 1375 1780 sunt
1400 1710 1791 1783 caniculae:
1831 1732 2032 1787 aucta
2060 1734 2290 1787 autem
2319 1710 2552 1783 vtrin-

568 1872 707 1945 que
733 1842 1112 1919 descendit.
1164 1900 1169 1905 .
1214 1843 1301 1916 In
1330 1844 1536 1917 binos
1572 1845 1762 1919 enim
1797 1846 2046 1942 partita
2079 1847 2274 1917 sinus
2301 1844 2554 1917 matrix

572 2008 741 2054 cum
784 1979 873 2053 sit
910 1976 1119 2079 aitque
1164 1980 1297 2051 sub
1344 1978 1826 2076 praecinctura
1871 1980 2240 2054 constituta
2255 2010 2290 2071 ,·
2331 1979 2557 2077 qualis

576 2115 787 2191 etiam
818 2115 895 2189 in
940 2110 1367 2189 eiuscemodi
1412 2113 1781 2212 generibus
1823 2113 1979 2188 aliis
1997 2170 2016 2207 ,
2069 2110 2448 2187 absoedunt
2479 2113 2558 2185 in

578 2248 1141 2323 circumstantem
1206 2271 1576 2349 Vtramque
1635 2272 1926 2349 partem.
2033 2248 2266 2322 Habet
2329 2269 2562 2323 autem

578 2402 734 2453 tum
786 2382 1052 2456 horum
1110 2404 1264 2455 tum
1316 2384 1620 2459 aliorum
1675 2386 2256 2459 mustelaceorum
2308 2384 2562 2457 matrix

580 2516 795 2613 paulo
844 2514 1029 2589 infra
1076 2516 1634 2615 praecincturam
1701 2520 1900 2618 quasi
1949 2546 2290 2593 mammas
2335 2518 2562 2593 albas:

584 2678 777 2749 quw,
810 2648 869 2723 si
900 2650 1127 2727 foetus
1160 2676 1305 2725 non
1337 2650 1576 2746 insint,
1613 2681 1758 2728 non
1791 2654 2126 2727 inuenias.
2185 2654 2564 2729 Caniculae

584 2784 861 2887 (scylia)
894 2808 963 2861 et
1004 2788 1188 2861 raiae
1220 2786 1576 2886 (batides)
1615 2812 1904 2864 testacea
1933 2789 2066 2863 illa
2098 2810 2262 2864 nota
2293 2807 2562 2887 gerunt,

585 2917 665 2989 in
702 2920 964 3017 quibus
1002 2924 1125 2997 oui
1164 2924 1393 3024 specie
1423 2923 1688 3001 humor
1735 2926 1930 3000 insit:
1981 2944 2190 3011 testae
2229 2924 2434 2997 facies
2463 2921 2564 2995 si-

586 3053 781 3126 milis
810 3056 1147 3133 tibiarum
1180 3058 1441 3157 ligulis.
1548 3058 1788 3157 Atque
1815 3063 1888 3134 in
1919 3087 1998 3133 ea
2032 3061 2275 3135 insunt
2305 3080 2570 3135 meatus

586 3188 1246 3284 capillamentorum
1309 3194 1655 3269 tenuitate.
1761 3196 2004 3296 Atque
2066 3224 2150 3270 eo
2197 3196 2274 3267 in
2321 3218 2574 3291 genere

588 3322 1075 3417 caniculomm
1094 3387 1116 3424 ‚
1170 3356 1349 3430 quos
1382 3330 1512 3428 (ab
1543 3331 1850 3403 hinnuli
1881 3324 2412 3418 similitudine)
2439 3348 2570 3395 ne-

590 3455 779 3530 hrias
844 3466 1197 3560 appellant
1212 3514 1261 3557 ,-
1298 3464 1584 3563 dirupto
1633 3487 1703 3538 et
1751 3488 1988 3541 exuto
2013 3460 2268 3537 cortice
2317 3475 2576 3529 exeunt

538 3616 549 3623 ·
592 3594 845 3669 catuli:
900 3599 1087 3673 raiae
1130 3626 1297 3672 cum
1330 3600 1482 3698 ipsa
1523 3622 1691 3676 testa
1727 3602 2042 3701 pariunt,
2095 3619 2276 3695 quae
2315 3587 2578 3667 deinde

592 3731 989 3830 rumpitur3
1042 3756 1249 3835 atque
1279 3762 1363 3808 ex
1392 3762 1472 3807 ea
1497 3735 1737 3835 prodit
1761 3734 2002 3807 foetus,
2109 3729 2209 3802 At
2237 3728 2578 3805 mustelas

591 3864 839 3959 spinus
888 3867 1334 3967 (acanthias)
1380 3870 1514 3941 sub
1555 3868 2038 3969 praecinctura
2087 3864 2402 3941 continet
2441 3888 2580 3935 oua

588 4016 803 4093 supra
848 4029 1231 4106 mammas;
1280 4005 1406 4085 vbi
1452 4030 1628 4081 vero
1673 4032 1894 4081 ouum
1933 3999 2292 4079 descendit
2310 4055 2331 4094 ‚
2381 3999 2456 4070 in
2497 4022 2580 4071 eo
