2917 4959
587 460 738 531 254
1198 410 1977 513 ARISTOTELIS

587 644 826 719 Habet
870 633 1162 737 genitale
1190 625 1450 702 femina
1490 624 1719 717 simile
1759 622 1979 716 raiae;
2022 620 2273 719 (hatidi
2290 622 2345 720 3)
2396 623 2569 697 reli..

587 804 732 879 qua
791 770 1025 847 omnia
1067 760 1326 838 similia
1370 757 1675 833 mulieri.
1782 758 1895 830 De
1946 755 2283 853 aquaticis
2330 756 2570 855 igitur,
2614 768 2621 779 ·

587 937 766 1013 quae
811 907 994 979 intra
1029 920 1150 975 aut
1195 916 1389 973 extra
1425 918 1499 965 se
1546 889 1831 989 pariunt
1876 890 2133 965 animal
2148 944 2170 983 ‚
2220 892 2571 989 generatio

585 1064 959 1147 partusque
992 1036 1094 1109 sic
1115 1061 1190 1108 se
1217 1030 1450 1105 habet.

686 1282 746 1353 C
777 1276 852 1351 A
877 1275 955 1348 P.
1029 1270 1200 1347 XII.
1273 1264 1517 1367 (vulgo
1582 1258 1789 1335 XIII.
1827 1256 2212 1355 ,scaligero
2273 1256 2477 1352 XII.)

737 1447 841 1522 At
879 1440 1004 1542 qui
1053 1437 1274 1537 pisces
1319 1458 1456 1507 oua
1506 1427 1723 1503 edunt
1736 1480 1758 1519 ,
1818 1452 2065 1499 eorum
2100 1422 2355 1497 matrix
2388 1424 2577 1497 binis

590 1583 886 1660 sinubus
935 1600 1106 1649 caua
1119 1626 1140 1665 ,
1193 1590 1261 1643 et
1291 1566 1368 1641 in
1419 1564 1569 1638 imo
1614 1561 1745 1636 sita
1792 1580 1927 1651 est,
1978 1556 2579 1656 quemadmodum

590 1738 790 1791 antea
825 1710 1096 1785 dicmm
1121 1724 1242 1779 est.
1340 1699 1639 1775 Pariunt
1678 1721 1817 1772 oua
1856 1718 2097 1767 omnes
2128 1691 2255 1790 qui
2282 1717 2577 1789 squam-P

589 1851 728 1927 mis
755 1864 1106 1947 teguntur,
1157 1832 1532 1936 (lepidoti‚)
1564 1855 1637 1910 vt
1668 1833 1901 1928 lupm,
1934 1824 2293 1925 cephalae,
2326 1826 2577 1924 mugil,

591 1982 832 2061 entelis
848 2035 873 2073 ‚
921 1977 1194 2074 (vulgo
1237 1970 1493 2068 etelis,)
1544 1990 1751 2066 atque
1793 1988 2035 2037 omnes
2050 2016 2070 2055 ,
2122 1960 2251 2059 qui
2292 1959 2581 2034 candidi

591 2118 1068 2220 appellantur:
1121 2126 1469 2209 praeterea
1513 2104 1746 2177 laeues
1776 2123 2061 2199 quoque
2078 2150 2099 2189 ‚
2148 2116 2413 2194 praeter
2444 2121 2580 2169 an..

592 2253 902 2353 guillam.
966 2246 1214 2320 Ouum
1240 2242 1508 2314 habent
1534 2260 1965 2309 areuaoeum.
2032 2230 2195 2312 Hoc
2218 2252 2455 2305 autem
2480 2230 2583 2305 sic

591 2386 955 2481 (simplex
1002 2393 1078 2451 et
1124 2374 1396 2471 vnum)
1437 2370 1715 2447 videtur
1730 2424 1752 2463 ‚
1802 2386 2169 2467 propterea
2198 2364 2399 2463 quod
2438 2386 2586 2441 tota

589 2519 850 2596 matrix
886 2514 1043 2590 ouis
1083 2512 1328 2608 stipata
1371 2528 1473 2580 est
1486 2560 1508 2599 ‚
1565 2506 1661 2577 ita
1709 2523 1789 2581 vt.
1827 2502 1903 2573 in
1950 2497 2243 2575 minutis
2274 2500 2583 2598 piscibus

591 2652 740 2729 duo
767 2643 1260 2726 tantummodo
1305 2671 1444 2719 oua
1475 2666 1618 2716 esse
1649 2635 2017 2713 videantur
2033 2692 2055 2733 ,
2106 2662 2277 2721 cum
2302 2657 2586 2734 propter

593 2810 662 2864 et
707 2787 1128 2887 paruitatem
1171 2800 1242 2854 et
1274 2776 1679 2855 tenuitatem
1722 2771 1974 2845 matrix
2006 2790 2307 2871 nequeat
2333 2768 2583 2869 depre·
2652 2818 2655 2821 -

589 2920 828 2997 hendi.
929 2918 1042 3006 Ac
1085 2914 1176 2991 de
1211 2914 1513 3013 piscium
1533 2906 1833 3009 quidem
1868 2906 2193 2982 omnium
2221 2903 2415 2981 coitu
2438 2904 2586 2979 iam

591 3056 862 3132 dictum
909 3055 1063 3127 fuit.
1169 3050 1479 3123 Piscium
1527 3037 1695 3119 v'ero
1734 3068 1894 3142 pars
1934 3042 2237 3117 maxima
2278 3041 2491 3115 maris
2518 3064 2589 3117 et

589 3191 888 3269 feminae
937 3186 1121 3261 notis
1162 3181 1651 3280 distinguunt-3
1702 3174 1793 3251 de
1840 3176 2117 3257 rabello
2160 3168 2589 3278 (erythrino)

593 3347 662 3401 et
687 3323 953 3397 hiatula
979 3316 1311 3420 (channa)
1337 3315 1736 3395 dubitatur:
1766 3342 2009 3392 omnes
2035 3313 2223 3387 enim
2246 3308 2585 3408 grauidae

489 3486 554 3553 2·
591 3431 988 3561 capiunuir.
1093 3456 1521 3554 Quanquam
1564 3472 1798 3525 autem
1842 3464 2297 3525 concreantur
2329 3469 2469 3516 oua
2500 3442 2581 3515 iu

589 3594 1040 3688 coeuntibus,
1087 3613 1322 3665 tamen
1356 3590 1573 3665 etim
1599 3588 1753 3661 sine
1774 3584 1963 3659 coitu
1992 3570 2257 3651 hahent·
2284 3572 2583 3675 quidam

587 3734 834 3833 pianes.
933 3726 1473 3829 Deprehensum
1494 3723 1641 3801 hoc
1664 3740 1766 3795 est
1798 3719 1874 3791 in
1898 3709 2358 3787 fluuiatilium
2366 3709 2585 3797 eet-tis

589 3866 976 3967 generibus.
1077 3864 1307 3940 Paene
1351 3861 1545 3937 enim
1572 3854 1803 3931 statim
1832 3876 2049 3952 quam
2078 3849 2229 3926 nati
2260 3870 2437 3928 ,sunt
2472 3866 2584 3933 atq.

592 4026 732 4099 que
761 4002 1002 4106 pusilli
1031 3998 1266 4077 adhuc
1293 3992 1594 4099 phoxini
1626 3991 1798 4067 foeti
1826 4014 2013 4069 sunt.
2088 3986 2419 4066 Feminae
2444 4006 2585 4060 oua
