2917 4959
550 465 699 537 246
1182 446 1956 528 ARISTOTELIS

456 666 499 713 2
557 676 599 721 a
648 646 841 721 coitu
884 642 1187 745 pariunt.
1287 635 1574 709 Amittit
1619 662 1878 734 pennas
1921 660 2088 704 cum
2119 658 2283 709 casu
2315 636 2540 713 folio-

560 809 716 857 rum
734 834 756 873 ,
806 800 1011 877 atque
1038 798 1201 849 cum
1228 796 1478 843 eorum
1503 792 1665 842 ortu
1695 768 2160 867 replumescit.
2235 769 2537 846 Gallinis

558 912 911 1017 pauonina
948 936 1087 984 oua
1114 904 1504 979 subiiciunt
1539 902 1629 976 ad
1647 988 1654 996 ‚
1670 901 2152 975 incubandum
2185 905 2538 1001 pastioni·-

558 1050 689 1123 bus
716 1043 1050 1145 praefecti
1066 1099 1089 1137 ‚
1132 1061 1502 1143 propterea
1533 1035 1729 1137 quod
1753 1064 1901 1109 mas
1931 1038 2202 1111 fouenti
2235 1038 2538 1113 feminae

558 1179 895 1254 aduolans
943 1197 1203 1252 atterat.
1310 1173 1514 1261 Quae
1557 1198 1760 1245 causa
1808 1194 1938 1260 est,
1989 1194 2066 1247 vt
2111 1172 2537 1247 siluestrium

558 1340 849 1416 quoque
880 1310 1283 1389 volucrium
1316 1306 1664 1407 quaedam
1697 1307 1858 1402 fuga
1894 1306 2069 1377 facta
2105 1308 2287 1379 clam
2319 1308 2542 1382 mari—

558 1448 699 1523 bus
725 1470 792 1523 et
820 1448 1097 1547 pariant
1128 1464 1207 1543 et·
1218 1443 1571 1515 incubent.
1630 1439 1934 1511 Gallinis
1967 1440 2352 1515 subiiciunt
2379 1472 2544 1517 cum

564 1582 955 1682 plurimum
1004 1577 1206 1650 bina:
1258 1597 1363 1661 tot
1396 1577 1585 1649 enim
1627 1573 1964 1647 duntaxat
2010 1572 2320 1649 fouendo
2359 1577 2540 1651 edu-

564 1742 718 1789 cere
758 1733 1073 1813 possunt.
1173 1710 1476 1785 Student
1526 1736 1692 1784 vero
1711 1764 1731 1800 ‚
1795 1734 1886 1781 ne
1917 1706 2286 1783 abscedens
2317 1714 2540 1788 relin-

468 1874 510 1934 3
568 1870 739 1948 quat
784 1846 1305 1921 incubationem
1322 1900 1342 1941 ,
1394 1872 1546 1919 esca
1588 1843 1921 1943 apposita.
2023 1843 2300 1915 Auium
2341 1868 2541 1924 testes

568 1979 797 2053 coitus
840 1999 1156 2079 tempore
1200 1979 1608 2079 grandiores
1650 1998 1916 2071 extant3
1969 2004 2047 2050 ac
2089 1980 2545 2057 salacioribus

570 2112 865 2213 quidem
890 2136 959 2187 et
998 2140 1273 2214 semper
1318 2115 1585 2189 coitum
1615 2112 2090 2187 exercentibus
2121 2111 2359 2188 insunt
2385 2144 2546 2190 ma·-

571 2247 805 2321 nifesti
821 2305 844 2343 ‚
896 2270 972 2325 vt
1013 2248 1425 2349 gallinaceis
1447 2270 1517 2323 et
1555 2244 1988 2347 perdicibus:
2039 2243 2168 2343 qui
2210 2272 2379 2321 vero
2420 2276 2550 2326 ve·-

569 2406 809 2454 nerem
854 2382 1324 2457 intermittunt-
1339 2437 1363 2477 ,
1411 2384 1668 2456 minus.
1769 2380 1891 2455 Ad
1917 2380 2114 2453 hunc
2144 2379 2357 2479 igitur
2386 2412 2550 2461 mo·-

570 2508 745 2587 dum
774 2534 1043 2613 gestant
1064 2542 1227 2591 aues
1260 2539 1330 2591 et
1357 2518 1662 2615 pariunt.

901 2750 964 2823 C
1012 2751 1083 2825 A
1129 2750 1207 2826 Ρ.
1310 2755 1407 2829 Χ.
1511 2750 1890 2851 (Scaligero
1993 2748 2231 2846 VIII.)

718 2916 819 2988 At
856 2918 1079 3017 pisces
1118 2948 1267 2995 non
1312 2946 1554 2997 omnes
1593 2948 1731 2995 oua
1773 2920 2058 3019 pariunt
2075 2974 2095 3010 ‚
2163 2940 2240 2995 vt
2286 2918 2553 2997 dictum.

571 3064 707 3117 est:
778 3052 1208 3153 cartilaginei
1257 3042 1564 3154 namque
1613 3054 1872 3125 animal
1921 3052 2142 3127 edunt
2155 3108 2176 3147 ‚
2246 3078 2555 3134 ceterum

570 3204 789 3277 genus
838 3212 996 3259 oua.
1098 3188 1343 3261 Edunt
1386 3210 1622 3261 autem
1667 3184 1778 3257 illi
1823 3188 2114 3282 animal,
2184 3211 2558 3289 postquam

572 3312 770 3411 prius
820 3317 1003 3391 intra
1031 3347 1105 3394 se
1136 3342 1205 3397 et
1234 3324 1631 3422 pepererint
1662 3349 1886 3395 ouum
1899 3378 1920 3416 ,
1977 3324 2214 3418 ibique
2243 3320 2408 3395 dato
2435 3326 2556 3395 in·-

572 3472 921 3525 cremento
986 3454 1405 3557 excluserint
1451 3478 1722 3555 praeter
1785 3484 2022 3530 ranam
2071 3453 2554 3552 (marinam)-

570 3583 685 3660 Ae
716 3584 1318 3687 quemadmodum
1351 3620 1566 3691 supra
1593 3590 1860 3675 dictum
1893 3610 1993 3662 est
2007 3640 2028 3681 ,
2081 3585 2402 3659 matricffl
2431 3590 2558 3679 'alii

572 3722 744 3795 alias
779 3722 997 3823 pisces
1024 3720 1302 3798 habent.
1374 3726 1566 3801 Nam
1597 3728 1728 3826 qui
1757 3752 1893 3800 oua
1928 3720 2174 3815 edunt,
2213 3742 2282 3795 et
2307 3722 2561 3824 bipar-

570 3858 733 3931 titas
772 3879 841 3931 et
874 3858 1203 3933 inferiore
1240 3880 1437 3959 parte
1484 3862 1642 3933 sitas
1659 3912 1680 3952 ,
1736 3878 1804 3931 at
1851 3858 2281 3957 cartilaginei
2323 3862 2560 3961 potius

576 3986 669 4090 ad
716 3994 960 4070 auium
999 4016 1321 4071 naturam
1368 4016 1729 4094 vergentes
1771 3993 2070 4069 habent:
2124 4018 2432 4098 ceterurn
2473 3994 2562 4066 ab
