2917 4959
600 455 693 530 ,ε
1202 451 1962 522 Αιιιετοτειιε

613 637 897 732 ‚CAR
960 635 1057 710 x.
1118 637 1363 735 (vulgo
1430 636 1672 712 cAP.
1741 635 1910 710 ΧΠ.
1963 633 2322 736 &aligero
2370 575 2500 734 iz.)

610 829 635 866 ,-
747 786 1034 860 Collum
1062 785 1345 880 dieitur,
1376 784 1576 888 quod
1603 785 1784 859 inter
1815 781 2066 856 faciem
2095 806 2166 862 et
2205 787 2564 867 thoracem

600 942 727 998 est:
780 919 927 993 eius
954 923 1257 996 anterior
1282 949 1441 1022 pars
1469 939 1731 1020 guttur,
1781 915 2122 1018 posterior
2151 923 2332 1019 gula.
2403 913 2567 1000 Vo-⁴

598 1075 792 1128 catur
822 1083 1109 1155 quoque
1139 1056 1387 1132 arteria
1415 1046 1793 1156 [anterior]
1822 1053 1974 1127 eius
2007 1080 2204 1152 pars,
2255 1081 2438 1156 quae
2467 1075 2566 1130 est

597 1189 1035 1287 cartilaginea
1052 1244 1075 1283 ‚
1120 1219 1287 1292 qua
1328 1211 1397 1266 et
1433 1216 1570 1264 vox
1613 1209 1681 1264 et
1728 1187 2014 1286 spiratio
2055 1191 2156 1261 fit.
2258 1189 2360 1264 At
2401 1189 2568 1288 gula

599 1351 885 1398 carnosa
900 1379 921 1416 ,
969 1324 1264 1400 interior
1290 1326 1453 1398 loeo
1470 1379 1492 1418 ‚
1543 1322 1783 1423 spinae
1811 1323 2146 1422 apposita.
2219 1324 2568 1423 Posterior

600 1479 835 1537 autem
856 1457 1033 1534 colli
1064 1486 1219 1558 pars
1235 1513 1257 1554 ,
1308 1458 1576 1533 ceruix.
2323 1453 2332 1462 ’

1064 1625 1159 1722 [c
1174 1631 1181 1638 ·
1194 1625 1263 1699 A
1290 1625 1367 1698 P.
1471 1624 1614 1724 x1.
1707 1623 2119 1726 scangeroq

606 1775 621 1809 ¹
748 1773 901 1850 Hae
951 1777 1122 1849 'sunt
1179 1802 1397 1875 Vsque
1448 1773 1539 1850 ad
1583 1775 1944 1852 thoracem
1989 1761 2280 1877 partes..
2347 1773 2570 1849 Porro

478 1957 483 1961 -
604 1909 905 1984 ‘thoracis
936 1889 1110 1984 aliae
1131 1911 1538 2004 anteriores,
1569 1912 1743 1985 aliae
1768 1911 2197 2010 posteriores.
2253 1909 2574 1985 Primum

602 2047 815 2144 igitur
858 2067 1096 2146 peetus
1126 2045 1199 2117 in
1235 2046 1577 2121 anteriore
1605 2066 1797 2144 parte
1824 2048 1956 2120 suh
1987 2045 2178 2118 eollo
2212 2064 2311 2120 est
2341 2042 2572 2142 gemi-

604 2183 715 2255 nis
760 2179 1120 2253 mamillis:
1174 2179 1250 2253 in
1297 2210 1600 2280 quarum
1643 2177 1935 2276 singulis
1971 2179 2266 2280 papilla:
2319 2205 2460 2278 qua
2493 2177 2570 2252 in

604 2316 905 2389 femellis
935 2315 1327 2414 percolatur
1353 2316 1484 2387 lac.
1559 2313 1751 2390 Nam
1777 2313 2210 2388 mammillae
2232 2330 2386 2385 rara
2416 2332 2574 2385 tex-

606 2469 762 2522 tura
794 2469 910 2519 est.
968 2447 1391 2545 Quanquam
1422 2447 1630 2519 etiam
1660 2447 1736 2521 in
1769 2445 2081 2518 maribus
2105 2446 2215 2518 lac
2243 2445 2574 2545 aliquan-

606 2583 702 2658 do
740 2581 1063 2682 gignitur,
1130 2578 1389 2678 quibus
1441 2605 1604 2652 sane
1655 2578 1867 2654 densa
1907 2605 2108 2654 caro:
2177 2599 2249 2652 at
2291 2575 2574 2652 mulieri

607 2716 973 2818 spongiosa
1031 2732 1241 2812 atque
1302 2712 1512 2811 plena
1561 2713 1920 2788 meatibus.

1188 2898 1461 2998 (Vulgo
1565 2901 1645 2976 c.
1747 2898 1992 2994 xm.)

508 3071 552 3118 2
754 3049 919 3123 Post
980 3045 1339 3126 thoracem
1404 3049 1748 3148 (pectus)
1812 3071 2051 3128 venter
2113 3050 2190 3124 in
2251 3045 2580 3124 anteriori

608 3205 835 3284 parte:
884 3183 1085 3256 cuius
1126 3183 1326 3260 radix
1369 3185 1766 3260 vmbilicus.
1871 3183 2088 3274 Quod
2137 3182 2360 3260 radici
2404 3183 2578 3256 sub-

610 3343 713 3396 est
773 3317 1073 3416 duplex,
1166 3318 1291 3391 ilia
1371 3319 1780 3402 dicuntum,
1837 3317 2034 3420 quod
2113 3320 2403 3396 micum
2477 3335 2581 3392 est

612 3459 744 3534 suh
811 3450 1149 3529 vmbilico
1162 3507 1183 3544 ,
1262 3452 1517 3552 :aluum
1601 3453 2057 3553 (abdomen)
2137 3451 2338 3525 euius
2416 3477 2576 3552 pars

614 3614 917 3670 extrema
992 3586 1231 3685 pubes.
1364 3587 1583 3676 Quod
1675 3603 1884 3689 supra
1961 3583 2378 3662 vmbilicum
2455 3607 2577 3682 est,

612 3716 1237 3831 hypochondrium
1281 3719 1577 3796 dicitur:
1626 3722 1800 3798 huic
1843 3739 2076 3796 autem
2099 3740 2172 3794 et
2207 3717 2350 3793 iliis
2375 3745 2582 3796 oom-

517 3874 559 3938 3
630 3887 845 3940 mune
868 3853 1124 3930 cholas.
1216 3853 1449 3934 Partes
1477 3855 1886 3954 posteriores
1911 3851 2224 3928 cinctura
2245 3851 2583 3954 disiungit

522 3979 531 3994 ⁸
622 3995 942 4092 lumbus,
992 3987 1123 4092 qui
1165 4015 1406 4092 graece
1438 3988 1678 4094 ὀσφύς
1703 3987 1986 4088 dieitur,
2035 4009 2106 4100 et
2129 4017 2386 4080 nomen
2415 3987 2578 4066 inde
