2917 4959
514 450 657 539 276
1050 498 1063 503 -
1116 434 1874 509 ARISTOTELIS

516 654 631 707 est.
705 624 1088 701 Laconicae
1114 642 1349 694 autem
1378 618 1724 693 tricesimo
1755 614 1872 691 die
1895 641 2052 717 post
2077 618 2348 695 coitum
2381 620 2494 689 lac

516 766 795 842 habent.
863 758 1075 833 Initio
1104 780 1443 846 crassum,
1495 780 1817 851 processu
1853 754 2182 853 temporis
2209 752 2492 825 tenuius

516 906 615 976 fit.
716 898 1021 971 Praestat
1062 889 1397 965 caninum
1436 886 1886 963 crassitudine
1899 944 1921 982 ‚
1994 908 2151 987 post
2195 886 2494 961 suillum

520 1058 587 1110 et
626 1030 1044 1131 leporinum.
1144 1025 1503 1123 Appetens
1557 1026 1738 1096 aetas
1789 1024 1880 1097 ad
1921 1026 2188 1099 coitum
2237 1020 2486 1094 idonea

518 1160 1064 1267 deprehenditur
1098 1160 1521 1258 argumentis
1537 1214 1559 1252 ‚
1586 1158 1768 1229 sicut
1793 1180 1863 1231 et
1891 1160 1968 1232 in
1991 1158 2293 1233 homine.
2357 1132 2506 1229 In-'

522 1316 911 1377 tumescunt
934 1293 1427 1391 aliquantisper
1456 1293 1762 1392 papillae
1786 1294 2258 1369 mamillarum
2274 1278 2497 1364 et'car·

522 1438 921 1535 tilagineam
960 1425 1266 1501 induunt
1313 1423 1666 1501 duritiem.
1755 1430 2032 1503 Verum
2073 1428 2364 1503 difficile
2403 1447 2498 1503 est

520 1567 863 1671 imperitis
892 1563 1063 1635 haec
1093 1558 1532 1658 dignoscere:
1563 1590 1792 1662 neque
1815 1563 2010 1637 enim
2037 1564 2182 1639 vlla
2205 1586 2364 1637 sunt
2391 1565 2496 1637 in·

522 1703 699 1802 signi
726 1694 1222 1797 magnitudine.
1273 1696 1509 1795 Atque
1533 1698 1676 1772 hoc
1699 1698 2000 1773 feminae
2025 1698 2310 1809 quidem
2337 1725 2492 1771 eue-

518 1837 658 1932 nit3
740 1855 810 1907 at
856 1830 1036 1905 mari
1084 1828 1270 1903 nihil
1317 1830 1673 1905 eiusmodi.
1777 1832 1919 1909 Sed
1967 1834 2246 1909 sublato
2293 1854 2497 1907 crure

522 1973 851 2069 mingunt
882 1993 1107 2041 mares
1135 1966 1279 2039 fere
1304 1988 1495 2041 sexto
1527 1966 1760 2040 aetatis
1791 1994 1954 2043 suae
1975 1994 2232 2041 mense.
2335 1967 2498 2041 Hoc

522 2103 745 2203 aliqui
774 2101 1037 2175 faciunt
1066 2097 1352 2173 demum
1376 2124 1658 2176 octauo:
1707 2102 1910 2175 etiam
1941 2122 2100 2178 sunt
2115 2156 2136 2194 ,
2173 2099 2302 2199 qui
2335 2120 2494 2175 ante

521 2262 819 2313 sextum:
900 2232 1023 2307 sed
1078 2262 1293 2331 paene
1338 2262 1612 2333 semper
1657 2265 1823 2311 cum
1870 2236 2218 2333 incipiunt
2267 2235 2458 2309 coire
2475 2292 2496 2327 ,

520 2366 1039 2468 (corroborari,
1111 2369 1257 2436 alii
1286 2367 1578 2462 codd.)
1616 2369 1693 2442 id
1733 2391 1961 2470 agunt.
2061 2366 2162 2441 At
2201 2368 2502 2443 feminae

517 2497 1115 2601 conquiniscentes
1144 2498 1419 2573 vrinam
1448 2500 1757 2621 reddunt
1783 2531 2046 2581 omues.
2148 2502 2302 2575 Iam
2331 2480 2502 2579 vero

519 2640 727 2715 etiam
754 2631 1097 2737 quaedam
1124 2632 1305 2709 elato
1332 2660 1537 2709 crure
1561 2635 1988 2711 minxerunt.
2019 2648 2030 2659 '
2089 2636 2284 2712 Parit
2311 2638 2502 2713 canis

516 2802 683 2849 cum
720 2772 1067 2870 plurimos
1092 2766 1489 2845 duodenos:
1537 2798 1702 2845 nam
1725 2772 1880 2847 fere
1905 2775 2162 2873 quinos
2191 2797 2494 2847 senosue.

516 2908 669 2979 Iam
708 2930 876 2979 vero
918 2904 1208 2978 vnicum
1249 2904 1386 2978 fuit
1430 2934 1612 3005 quae
1659 2909 2018 3008 pepererit,
2121 2908 2503 2985 Laconicae

517 3040 665 3113 fere
691 3058 877 3113 octo.
961 3036 1239 3111 Coeunt
1268 3058 1407 3111 tam
1428 3068 1650 3113 mares
1681 3070 1893 3141 quam
1917 3043 2217 3117 feminae
2245 3070 2506 3142 quam-

517 3171 645 3247 diu
682 3170 956 3247 viuunt.
1058 3170 1421 3247 Peculiare
1450 3199 1618 3247 vero
1662 3172 1742 3247 id
1771 3164 2156 3251 Laconicis.
2255 3176 2507 3256 Labo-

394 3366 409 3379 .
518 3306 714 3379 ribus
738 3303 931 3397 enim
958 3307 1291 3403 exercitae
1318 3308 1480 3405 plus
1495 3308 1727 3385 valent
1753 3311 1844 3385 ad
1876 3310 2269 3389 coeundum
2283 3340 2502 3409 quam

518 3437 802 3516 desides.
908 3437 1118 3513 Viuit
1146 3441 1539 3515 Laconicus
1581 3446 1772 3519 canis
1805 3473 2016 3522 annos
2047 3444 2286 3519 decem
2299 3496 2322 3535 ‚
2377 3446 2492 3519 fe·-

517 3576 713 3649 mina
754 3568 1148 3647 duodecim.
1204 3621 1209 3631 ·
1250 3576 1578 3655 Aliarum
1619 3582 1920 3657 maxima
1959 3606 2114 3679 pars
2143 3598 2494 3678 quatuor-

516 3708 745 3783 decim
789 3728 911 3783 aut
952 3706 1391 3807 quindecim3
1461 3716 1803 3813 quaedam
1841 3713 2104 3816 viginti.
2217 3710 2497 3789 Idcirco

514 3841 710 3916 aiunt
770 3842 1165 3916 Homerum
1226 3864 1407 3919 recte
1469 3851 1797 3924 cecinisse
1811 3902 1833 3943 ,
1914 3874 2160 3924 canem
2221 3848 2500 3949 Vlyssis

512 4002 695 4051 anno
726 3976 1055 4053 vicesimo
1086 4000 1230 4053 esse
1248 4000 1637 4085 mortuum.
1741 3985 1826 4059 In
1855 4011 2102 4081 genere
2131 3986 2494 4059 Laconum
