<?xml version="1.0" encoding="UTF-8"?>
<!DOCTYPE html PUBLIC "-//W3C//DTD XHTML 1.0 Transitional//EN"
    "http://www.w3.org/TR/xhtml1/DTD/xhtml1-transitional.dtd">
<html xmlns="http://www.w3.org/1999/xhtml" xml:lang="en" lang="en">
 <head>
  <title>
</title>
<meta http-equiv="Content-Type" content="text/html;charset=utf-8" />
  <meta name='ocr-system' content='tesseract 3.04.00' />
  <meta name='ocr-capabilities' content='ocr_page ocr_carea ocr_par ocr_line ocrx_word'/>
</head>
<body>
  <div class='ocr_page' id='page_1' title='image "aristotelisdean02schngoog_0032.png"; bbox 0 0 2917 4959; ppageno 0'>
   <div class='ocr_carea' id='block_1_1' title="bbox 591 457 1969 536">
    <p class='ocr_par' dir='ltr' id='par_1_1' title="bbox 591 457 1969 536">
     <span class='ocr_line' id='line_1_1' title="bbox 591 457 1969 536; baseline -0.004 -3"><span class='ocrx_word' id='word_1_1' title='bbox 591 484 684 536; x_wconf 72' lang='lat'><strong>22</strong></span> <span class='ocrx_word' id='word_1_2' title='bbox 1197 457 1969 529; x_wconf 74' lang='lat' dir='ltr'>‘ARISTOTELls</span> 
     </span>
    </p>
   </div>
   <div class='ocr_carea' id='block_1_2' title="bbox 591 638 2565 884">
    <p class='ocr_par' dir='ltr' id='par_1_2' title="bbox 591 638 2565 884">
     <span class='ocr_line' id='line_1_2' title="bbox 591 638 2565 747; baseline 0 -25"><span class='ocrx_word' id='word_1_3' title='bbox 591 647 852 747; x_wconf 72' lang='lat' dir='ltr'><strong>ganicis</strong></span> <span class='ocrx_word' id='word_1_4' title='bbox 867 700 886 738; x_wconf 90' lang='lat'>,</span> <span class='ocrx_word' id='word_1_5' title='bbox 937 638 1192 717; x_wconf 80' lang='lat' dir='ltr'><strong>deinde</strong></span> <span class='ocrx_word' id='word_1_6' title='bbox 1229 640 1320 717; x_wconf 82' lang='lat' dir='ltr'><strong>de</strong></span> <span class='ocrx_word' id='word_1_7' title='bbox 1359 646 1445 717; x_wconf 74' lang='lat' dir='ltr'><strong>iis</strong></span> <span class='ocrx_word' id='word_1_8' title='bbox 1459 700 1481 737; x_wconf 92' lang='lat'>,</span> <span class='ocrx_word' id='word_1_9' title='bbox 1530 672 1713 745; x_wconf 78' lang='lat' dir='ltr'><strong>quae</strong></span> <span class='ocrx_word' id='word_1_10' title='bbox 1758 671 1843 721; x_wconf 79' lang='lat' dir='ltr'><strong>ex</strong></span> <span class='ocrx_word' id='word_1_11' title='bbox 1889 641 2243 719; x_wconf 61' lang='lat' dir='ltr'><strong>simililms</strong></span> <span class='ocrx_word' id='word_1_12' title='bbox 2270 642 2455 720; x_wconf 71' lang='lat' dir='ltr'><strong>inter</strong></span> <span class='ocrx_word' id='word_1_13' title='bbox 2489 672 2565 723; x_wconf 72' lang='grc' dir='ltr'><strong><em>ω</em></strong></span> 
     </span>
     <span class='ocr_line' id='line_1_3' title="bbox 599 778 1853 884; baseline -0.005 -26"><span class='ocrx_word' id='word_1_14' title='bbox 599 778 962 884; x_wconf 78' lang='lat' dir='ltr'><strong>particulis</strong></span> <span class='ocrx_word' id='word_1_15' title='bbox 995 798 1332 853; x_wconf 75' lang='lat' dir='ltr'><strong>constant.</strong></span> <span class='ocrx_word' id='word_1_16' title='bbox 1846 784 1853 791; x_wconf 75' lang='grc'><em>’</em></span> 
     </span>
    </p>
   </div>
   <div class='ocr_carea' id='block_1_3' title="bbox 511 944 2631 3473">
    <p class='ocr_par' dir='ltr' id='par_1_3' title="bbox 920 944 2246 1061">
     <span class='ocr_line' id='line_1_4' title="bbox 920 944 2246 1061; baseline -0.002 -24"><span class='ocrx_word' id='word_1_17' title='bbox 920 964 980 1037; x_wconf 92' lang='lat' dir='ltr'><strong>c</strong></span> <span class='ocrx_word' id='word_1_18' title='bbox 1029 964 1099 1038; x_wconf 87' lang='lat' dir='ltr'>A</span> <span class='ocrx_word' id='word_1_19' title='bbox 1151 962 1226 1037; x_wconf 86' lang='lat' dir='ltr'><strong>P.</strong></span> <span class='ocrx_word' id='word_1_20' title='bbox 1329 944 1497 1039; x_wconf 72' lang='grc' dir='ltr'><strong>ΠΙ.</strong></span> <span class='ocrx_word' id='word_1_21' title='bbox 1600 960 1982 1061; x_wconf 62' lang='lat' dir='ltr'><strong>(scaligero</strong></span> <span class='ocrx_word' id='word_1_22' title='bbox 2080 958 2246 1059; x_wconf 82' lang='lat' dir='ltr'><strong>IX.)</strong></span> 
     </span>
    </p>

    <p class='ocr_par' dir='ltr' id='par_1_4' title="bbox 511 1092 2631 3473">
     <span class='ocr_line' id='line_1_5' title="bbox 743 1092 2571 1197; baseline -0.002 -26"><span class='ocrx_word' id='word_1_23' title='bbox 743 1096 1094 1171; x_wconf 86' lang='lat' dir='ltr'><strong>Maximae</strong></span> <span class='ocrx_word' id='word_1_24' title='bbox 1125 1098 1339 1195; x_wconf 84' lang='lat' dir='ltr'><strong>igitur</strong></span> <span class='ocrx_word' id='word_1_25' title='bbox 1374 1116 1601 1195; x_wconf 84' lang='lat' dir='ltr'><strong>partes</strong></span> <span class='ocrx_word' id='word_1_26' title='bbox 1618 1152 1640 1191; x_wconf 85' lang='lat'>‚</span> <span class='ocrx_word' id='word_1_27' title='bbox 1691 1098 1769 1172; x_wconf 85' lang='lat' dir='ltr'><strong>in</strong></span> <span class='ocrx_word' id='word_1_28' title='bbox 1802 1125 1977 1197; x_wconf 86' lang='lat' dir='ltr'><strong>quas</strong></span> <span class='ocrx_word' id='word_1_29' title='bbox 2008 1096 2417 1171; x_wconf 82' lang='lat' dir='ltr'><strong>vniuersum</strong></span> <span class='ocrx_word' id='word_1_30' title='bbox 2450 1092 2571 1168; x_wconf 84' lang='lat' dir='ltr'><strong>di-</strong></span> 
     </span>
     <span class='ocr_line' id='line_1_6' title="bbox 595 1210 2573 1334; baseline -0.005 -24"><span class='ocrx_word' id='word_1_31' title='bbox 595 1230 859 1311; x_wconf 84' lang='lat' dir='ltr'><strong>viditur</strong></span> <span class='ocrx_word' id='word_1_32' title='bbox 891 1210 1183 1334; x_wconf 51' lang='lat' dir='ltr'><strong>corpus,</strong></span> <span class='ocrx_word' id='word_1_33' title='bbox 1234 1234 1368 1307; x_wconf 90' lang='lat' dir='ltr'><strong>hae</strong></span> <span class='ocrx_word' id='word_1_34' title='bbox 1396 1254 1593 1305; x_wconf 86' lang='lat' dir='ltr'><strong>sunt:</strong></span> <span class='ocrx_word' id='word_1_35' title='bbox 1645 1240 1890 1331; x_wconf 74' lang='lat' dir='ltr'><strong>caput,</strong></span> <span class='ocrx_word' id='word_1_36' title='bbox 1942 1232 2246 1324; x_wconf 86' lang='lat' dir='ltr'><strong>collum,</strong></span> <span class='ocrx_word' id='word_1_37' title='bbox 2288 1230 2573 1327; x_wconf 20' lang='lat' dir='ltr'><strong>thor-ax,</strong></span> 
     </span>
     <span class='ocr_line' id='line_1_7' title="bbox 591 1364 2631 1464; baseline -0.002 -25"><span class='ocrx_word' id='word_1_38' title='bbox 591 1368 883 1441; x_wconf 82' lang='lat' dir='ltr'><strong>brachia</strong></span> <span class='ocrx_word' id='word_1_39' title='bbox 912 1368 1094 1461; x_wconf 84' lang='lat' dir='ltr'><strong>du0‚</strong></span> <span class='ocrx_word' id='word_1_40' title='bbox 1160 1396 1363 1441; x_wconf 84' lang='lat' dir='ltr'><strong>crura</strong></span> <span class='ocrx_word' id='word_1_41' title='bbox 1390 1366 1554 1439; x_wconf 82' lang='lat' dir='ltr'><strong>duo,</strong></span> <span class='ocrx_word' id='word_1_42' title='bbox 1653 1364 2055 1440; x_wconf 83' lang='lat' dir='ltr'><strong>Thoraeem</strong></span> <span class='ocrx_word' id='word_1_43' title='bbox 2084 1395 2259 1442; x_wconf 86' lang='lat' dir='ltr'><strong>voco</strong></span> <span class='ocrx_word' id='word_1_44' title='bbox 2287 1366 2571 1464; x_wconf 87' lang='lat' dir='ltr'><strong>alueum</strong></span> <span class='ocrx_word' id='word_1_45' title='bbox 2624 1376 2631 1386; x_wconf 88' lang='lat'>&#39;</span> 
     </span>
     <span class='ocr_line' id='line_1_8' title="bbox 594 1494 2573 1600; baseline -0.001 -27"><span class='ocrx_word' id='word_1_46' title='bbox 594 1497 842 1596; x_wconf 83' lang='lat' dir='ltr'><strong>illum,</strong></span> <span class='ocrx_word' id='word_1_47' title='bbox 873 1504 1003 1600; x_wconf 88' lang='lat' dir='ltr'><strong>qui</strong></span> <span class='ocrx_word' id='word_1_48' title='bbox 1032 1531 1069 1573; x_wconf 90' lang='lat' dir='ltr'><strong>a</strong></span> <span class='ocrx_word' id='word_1_49' title='bbox 1103 1502 1290 1575; x_wconf 89' lang='lat' dir='ltr'><strong>collo</strong></span> <span class='ocrx_word' id='word_1_50' title='bbox 1319 1500 1408 1572; x_wconf 89' lang='lat' dir='ltr'><strong>ad</strong></span> <span class='ocrx_word' id='word_1_51' title='bbox 1439 1494 1779 1599; x_wconf 35' lang='lat' dir='ltr'><strong>pudenda·</strong></span> <span class='ocrx_word' id='word_1_52' title='bbox 1802 1526 2021 1597; x_wconf 87' lang='lat' dir='ltr'><strong>vsque</strong></span> <span class='ocrx_word' id='word_1_53' title='bbox 2054 1502 2367 1599; x_wconf 62' lang='lat' dir='ltr'><strong>pertinett</strong></span> <span class='ocrx_word' id='word_1_54' title='bbox 2424 1498 2573 1571; x_wconf 80' lang='lat' dir='ltr'><strong>Ca-</strong></span> 
     </span>
     <span class='ocr_line' id='line_1_9' title="bbox 528 1631 2575 1735; baseline 0 -30"><span class='ocrx_word' id='word_1_55' title='bbox 528 1728 536 1735; x_wconf 39' lang='lat'>·</span> <span class='ocrx_word' id='word_1_56' title='bbox 593 1636 761 1733; x_wconf 84' lang='lat' dir='ltr'><strong>pitis</strong></span> <span class='ocrx_word' id='word_1_57' title='bbox 795 1636 1008 1731; x_wconf 83' lang='lat' dir='ltr'><strong>igitur</strong></span> <span class='ocrx_word' id='word_1_58' title='bbox 1035 1662 1230 1735; x_wconf 79' lang='lat' dir='ltr'><strong>pars,</strong></span> <span class='ocrx_word' id='word_1_59' title='bbox 1281 1662 1459 1733; x_wconf 86' lang='lat' dir='ltr'><strong>quae</strong></span> <span class='ocrx_word' id='word_1_60' title='bbox 1492 1633 1654 1733; x_wconf 90' lang='lat' dir='ltr'><strong>pilis</strong></span> <span class='ocrx_word' id='word_1_61' title='bbox 1685 1633 1823 1729; x_wconf 86' lang='lat' dir='ltr'><strong>tegi</strong></span> <span class='ocrx_word' id='word_1_62' title='bbox 1848 1634 2062 1727; x_wconf 83' lang='lat' dir='ltr'><strong>solet,</strong></span> <span class='ocrx_word' id='word_1_63' title='bbox 2112 1631 2419 1705; x_wconf 86' lang='lat' dir='ltr'><strong>caluaria</strong></span> <span class='ocrx_word' id='word_1_64' title='bbox 2451 1632 2575 1716; x_wconf 51' lang='lat' dir='ltr'><strong>dii</strong></span> 
     </span>
     <span class='ocr_line' id='line_1_10' title="bbox 513 1757 2572 1869; baseline 0 -30"><span class='ocrx_word' id='word_1_65' title='bbox 513 1757 520 1770; x_wconf 58' lang='lat'>⁸</span> <span class='ocrx_word' id='word_1_66' title='bbox 597 1763 797 1859; x_wconf 80' lang='lat' dir='ltr'><strong>citur.</strong></span> <span class='ocrx_word' id='word_1_67' title='bbox 868 1767 1102 1841; x_wconf 89' lang='lat' dir='ltr'><strong>Huius</strong></span> <span class='ocrx_word' id='word_1_68' title='bbox 1135 1790 1362 1869; x_wconf 82' lang='lat' dir='ltr'><strong>partes</strong></span> <span class='ocrx_word' id='word_1_69' title='bbox 1394 1768 1610 1843; x_wconf 87' lang='lat' dir='ltr'>duae:</span> <span class='ocrx_word' id='word_1_70' title='bbox 1662 1766 1987 1861; x_wconf 85' lang='lat' dir='ltr'><strong>anterior,</strong></span> <span class='ocrx_word' id='word_1_71' title='bbox 2040 1794 2219 1865; x_wconf 89' lang='lat' dir='ltr'><strong>quae</strong></span> <span class='ocrx_word' id='word_1_72' title='bbox 2252 1789 2406 1867; x_wconf 90' lang='lat' dir='ltr'><strong>post</strong></span> <span class='ocrx_word' id='word_1_73' title='bbox 2436 1794 2572 1841; x_wconf 85' lang='lat' dir='ltr'><strong>na-</strong></span> 
     </span>
     <span class='ocr_line' id='line_1_11' title="bbox 597 1899 2574 1999; baseline -0.001 -26"><span class='ocrx_word' id='word_1_74' title='bbox 597 1920 750 1973; x_wconf 85' lang='lat' dir='ltr'><strong>tum</strong></span> <span class='ocrx_word' id='word_1_75' title='bbox 781 1899 1144 1975; x_wconf 85' lang='lat' dir='ltr'><strong>hominem</strong></span> <span class='ocrx_word' id='word_1_76' title='bbox 1169 1926 1552 1999; x_wconf 85' lang='lat' dir='ltr'><strong>generatur,</strong></span> <span class='ocrx_word' id='word_1_77' title='bbox 1602 1902 1903 1999; x_wconf 85' lang='lat' dir='ltr'><strong>bregma.</strong></span> <span class='ocrx_word' id='word_1_78' title='bbox 2010 1900 2355 1975; x_wconf 88' lang='lat' dir='ltr'><strong>Omnium</strong></span> <span class='ocrx_word' id='word_1_79' title='bbox 2384 1901 2574 1977; x_wconf 86' lang='lat' dir='ltr'><strong>enim</strong></span> 
     </span>
     <span class='ocr_line' id='line_1_12' title="bbox 595 2037 2575 2137; baseline 0 -27"><span class='ocrx_word' id='word_1_80' title='bbox 595 2037 900 2129; x_wconf 70' lang='lat' dir='ltr'><strong>ossium,</strong></span> <span class='ocrx_word' id='word_1_81' title='bbox 951 2065 1131 2135; x_wconf 87' lang='lat' dir='ltr'><strong>quae</strong></span> <span class='ocrx_word' id='word_1_82' title='bbox 1160 2038 1233 2111; x_wconf 90' lang='lat' dir='ltr'><strong>in</strong></span> <span class='ocrx_word' id='word_1_83' title='bbox 1269 2065 1560 2137; x_wconf 77' lang='lat' dir='ltr'><strong>corpore</strong></span> <span class='ocrx_word' id='word_1_84' title='bbox 1591 2058 1786 2129; x_wconf 84' lang='lat' dir='ltr'><strong>sunt,</strong></span> <span class='ocrx_word' id='word_1_85' title='bbox 1822 2056 2251 2133; x_wconf 86' lang='lat' dir='ltr'><strong>postremum</strong></span> <span class='ocrx_word' id='word_1_86' title='bbox 2279 2063 2575 2110; x_wconf 86' lang='lat' dir='ltr'><strong>concre-</strong></span> 
     </span>
     <span class='ocr_line' id='line_1_13' title="bbox 598 2171 2576 2273; baseline 0.001 -31"><span class='ocrx_word' id='word_1_87' title='bbox 598 2172 748 2261; x_wconf 79' lang='lat' dir='ltr'><strong>scit.</strong></span> <span class='ocrx_word' id='word_1_88' title='bbox 851 2171 1098 2244; x_wconf 82' lang='lat' dir='ltr'><strong>Altera</strong></span> <span class='ocrx_word' id='word_1_89' title='bbox 1141 2201 1300 2273; x_wconf 83' lang='lat' dir='ltr'><strong>pars</strong></span> <span class='ocrx_word' id='word_1_90' title='bbox 1343 2172 1705 2273; x_wconf 78' lang='lat' dir='ltr'><strong>posterior,</strong></span> <span class='ocrx_word' id='word_1_91' title='bbox 1757 2174 2059 2273; x_wconf 82' lang='lat' dir='ltr'><strong>occiput.</strong></span> <span class='ocrx_word' id='word_1_92' title='bbox 2162 2172 2353 2245; x_wconf 83' lang='lat' dir='ltr'><strong>Inter</strong></span> <span class='ocrx_word' id='word_1_93' title='bbox 2380 2171 2576 2245; x_wconf 90' lang='lat' dir='ltr'><strong>occi-</strong></span> 
     </span>
     <span class='ocr_line' id='line_1_14' title="bbox 597 2304 2572 2405; baseline 0.001 -30"><span class='ocrx_word' id='word_1_94' title='bbox 597 2305 858 2403; x_wconf 84' lang='lat' dir='ltr'><strong>pitium</strong></span> <span class='ocrx_word' id='word_1_95' title='bbox 875 2328 943 2379; x_wconf 87' lang='lat' dir='ltr'><strong>et</strong></span> <span class='ocrx_word' id='word_1_96' title='bbox 969 2308 1273 2405; x_wconf 85' lang='lat' dir='ltr'><strong>bregma‚</strong></span> <span class='ocrx_word' id='word_1_97' title='bbox 1309 2330 1562 2382; x_wconf 85' lang='lat' dir='ltr'><strong>vertex.</strong></span> <span class='ocrx_word' id='word_1_98' title='bbox 1616 2306 1767 2379; x_wconf 88' lang='lat' dir='ltr'><strong>Sub</strong></span> <span class='ocrx_word' id='word_1_99' title='bbox 1796 2308 2146 2404; x_wconf 86' lang='lat' dir='ltr'><strong>bregmate</strong></span> <span class='ocrx_word' id='word_1_100' title='bbox 2176 2304 2572 2379; x_wconf 83' lang='lat' dir='ltr'><strong>cerebrum:</strong></span> 
     </span>
     <span class='ocr_line' id='line_1_15' title="bbox 601 2437 2575 2534; baseline 0.001 -24"><span class='ocrx_word' id='word_1_101' title='bbox 601 2437 1011 2534; x_wconf 82' lang='lat' dir='ltr'><strong>occipitium</strong></span> <span class='ocrx_word' id='word_1_102' title='bbox 1038 2438 1244 2513; x_wconf 91' lang='lat' dir='ltr'><strong>inane</strong></span> <span class='ocrx_word' id='word_1_103' title='bbox 1277 2463 1394 2513; x_wconf 85' lang='lat' dir='ltr'><strong>est.</strong></span> <span class='ocrx_word' id='word_1_104' title='bbox 1486 2441 1811 2511; x_wconf 83' lang='lat' dir='ltr'><strong>Caluaria</strong></span> <span class='ocrx_word' id='word_1_105' title='bbox 1838 2460 1982 2511; x_wconf 83' lang='lat' dir='ltr'><strong>tota</strong></span> <span class='ocrx_word' id='word_1_106' title='bbox 2013 2468 2251 2512; x_wconf 84' lang='lat' dir='ltr'><strong>rarum</strong></span> <span class='ocrx_word' id='word_1_107' title='bbox 2281 2466 2397 2531; x_wconf 81' lang='lat' dir='ltr'><strong>OS,</strong></span> <span class='ocrx_word' id='word_1_108' title='bbox 2451 2467 2575 2513; x_wconf 87' lang='lat' dir='ltr'><strong>ro-</strong></span> 
     </span>
     <span class='ocr_line' id='line_1_16' title="bbox 599 2564 2578 2663; baseline 0.005 -23"><span class='ocrx_word' id='word_1_109' title='bbox 599 2564 902 2641; x_wconf 79' lang='lat' dir='ltr'><strong>mudum</strong></span> <span class='ocrx_word' id='word_1_110' title='bbox 922 2625 943 2663; x_wconf 86' lang='lat'><strong>,</strong></span> <span class='ocrx_word' id='word_1_111' title='bbox 995 2574 1270 2644; x_wconf 85' lang='lat' dir='ltr'><strong>excarni</strong></span> <span class='ocrx_word' id='word_1_112' title='bbox 1304 2595 1461 2646; x_wconf 89' lang='lat' dir='ltr'><strong>cute</strong></span> <span class='ocrx_word' id='word_1_113' title='bbox 1492 2570 1845 2643; x_wconf 86' lang='lat' dir='ltr'><strong>amictum.</strong></span> <span class='ocrx_word' id='word_1_114' title='bbox 1928 2574 2164 2646; x_wconf 84' lang='lat' dir='ltr'><strong>Habet</strong></span> <span class='ocrx_word' id='word_1_115' title='bbox 2191 2593 2423 2645; x_wconf 88' lang='lat' dir='ltr'><strong>autem</strong></span> <span class='ocrx_word' id='word_1_116' title='bbox 2449 2601 2578 2649; x_wconf 88' lang='lat' dir='ltr'><strong>su-</strong></span> 
     </span>
     <span class='ocr_line' id='line_1_17' title="bbox 584 2702 2577 2810; baseline 0 -33"><span class='ocrx_word' id='word_1_117' title='bbox 584 2725 790 2810; x_wconf 67' lang='lat' dir='ltr'><strong>turas</strong></span> <span class='ocrx_word' id='word_1_118' title='bbox 808 2758 830 2797; x_wconf 89' lang='lat'>‚</span> <span class='ocrx_word' id='word_1_119' title='bbox 885 2702 963 2777; x_wconf 88' lang='lat' dir='ltr'><strong>in</strong></span> <span class='ocrx_word' id='word_1_120' title='bbox 994 2704 1412 2780; x_wconf 76' lang='lat' dir='ltr'><strong>mulieribus</strong></span> <span class='ocrx_word' id='word_1_121' title='bbox 1443 2734 1652 2782; x_wconf 89' lang='lat' dir='ltr'><strong>vnam</strong></span> <span class='ocrx_word' id='word_1_122' title='bbox 1682 2707 1759 2779; x_wconf 88' lang='lat' dir='ltr'><strong>in</strong></span> <span class='ocrx_word' id='word_1_123' title='bbox 1786 2707 2069 2798; x_wconf 77' lang='lat' dir='ltr'><strong>orbem3</strong></span> <span class='ocrx_word' id='word_1_124' title='bbox 2119 2706 2195 2779; x_wconf 88' lang='lat' dir='ltr'><strong>in</strong></span> <span class='ocrx_word' id='word_1_125' title='bbox 2228 2706 2397 2780; x_wconf 86' lang='lat' dir='ltr'><strong>viris</strong></span> <span class='ocrx_word' id='word_1_126' title='bbox 2428 2728 2577 2779; x_wconf 85' lang='lat' dir='ltr'><strong>ter-</strong></span> 
     </span>
     <span class='ocr_line' id='line_1_18' title="bbox 511 2840 2576 2942; baseline 0.001 -31"><span class='ocrx_word' id='word_1_127' title='bbox 511 2880 520 2889; x_wconf 84' lang='lat'><strong>·</strong></span> <span class='ocrx_word' id='word_1_128' title='bbox 599 2866 762 2930; x_wconf 79' lang='lat' dir='ltr'><strong>naS,</strong></span> <span class='ocrx_word' id='word_1_129' title='bbox 814 2840 890 2911; x_wconf 90' lang='lat' dir='ltr'><strong>in</strong></span> <span class='ocrx_word' id='word_1_130' title='bbox 923 2868 1144 2913; x_wconf 85' lang='lat' dir='ltr'><strong>vnum</strong></span> <span class='ocrx_word' id='word_1_131' title='bbox 1184 2870 1436 2941; x_wconf 85' lang='lat' dir='ltr'><strong>magna</strong></span> <span class='ocrx_word' id='word_1_132' title='bbox 1475 2870 1558 2916; x_wconf 86' lang='lat' dir='ltr'><strong>ex</strong></span> <span class='ocrx_word' id='word_1_133' title='bbox 1585 2863 1782 2942; x_wconf 87' lang='lat' dir='ltr'><strong>parte</strong></span> <span class='ocrx_word' id='word_1_134' title='bbox 1828 2860 2167 2914; x_wconf 86' lang='lat' dir='ltr'><strong>coeuntes.</strong></span> <span class='ocrx_word' id='word_1_135' title='bbox 2270 2842 2436 2915; x_wconf 80' lang='lat' dir='ltr'><strong>Viri</strong></span> <span class='ocrx_word' id='word_1_136' title='bbox 2465 2843 2576 2914; x_wconf 77' lang='lat' dir='ltr'><strong>ta-&#39;-</strong></span> 
     </span>
     <span class='ocr_line' id='line_1_19' title="bbox 599 2972 2577 3071; baseline 0.004 -28"><span class='ocrx_word' id='word_1_137' title='bbox 599 2999 759 3047; x_wconf 87' lang='lat' dir='ltr'><strong>men</strong></span> <span class='ocrx_word' id='word_1_138' title='bbox 822 2995 1031 3071; x_wconf 85' lang='lat' dir='ltr'><strong>caput</strong></span> <span class='ocrx_word' id='word_1_139' title='bbox 1087 2976 1319 3049; x_wconf 83' lang='lat' dir='ltr'><strong>visum</strong></span> <span class='ocrx_word' id='word_1_140' title='bbox 1373 3000 1477 3051; x_wconf 84' lang='lat' dir='ltr'><strong>est</strong></span> <span class='ocrx_word' id='word_1_141' title='bbox 1533 2980 1682 3055; x_wconf 86' lang='lat' dir='ltr'><strong>sine</strong></span> <span class='ocrx_word' id='word_1_142' title='bbox 1728 2996 1987 3048; x_wconf 85' lang='lat' dir='ltr'><strong>sutura.</strong></span> <span class='ocrx_word' id='word_1_143' title='bbox 2090 2972 2577 3051; x_wconf 88' lang='lat' dir='ltr'><strong>Medullitium</strong></span> 
     </span>
     <span class='ocr_line' id='line_1_20' title="bbox 601 3091 2576 3211; baseline 0.004 -34"><span class='ocrx_word' id='word_1_144' title='bbox 601 3091 830 3179; x_wconf 78' lang='lat' dir='ltr'><strong>autem</strong></span> <span class='ocrx_word' id='word_1_145' title='bbox 861 3108 1226 3206; x_wconf 84' lang='lat' dir='ltr'><strong>caluariae,</strong></span> <span class='ocrx_word' id='word_1_146' title='bbox 1263 3140 1477 3211; x_wconf 89' lang='lat' dir='ltr'><strong>quem</strong></span> <span class='ocrx_word' id='word_1_147' title='bbox 1493 3111 1798 3185; x_wconf 84' lang='lat' dir='ltr'><strong>diximus</strong></span> <span class='ocrx_word' id='word_1_148' title='bbox 1828 3108 2180 3202; x_wconf 69' lang='lat' dir='ltr'><strong>verticem,</strong></span> <span class='ocrx_word' id='word_1_149' title='bbox 2217 3109 2426 3182; x_wconf 89' lang='lat' dir='ltr'><strong>etiam</strong></span> <span class='ocrx_word' id='word_1_150' title='bbox 2453 3110 2576 3185; x_wconf 90' lang='lat' dir='ltr'><strong>in—</strong></span> 
     </span>
     <span class='ocr_line' id='line_1_21' title="bbox 602 3240 2575 3349; baseline 0.001 -34"><span class='ocrx_word' id='word_1_151' title='bbox 602 3240 871 3315; x_wconf 73' lang='lat' dir='ltr'><strong>volutio</strong></span> <span class='ocrx_word' id='word_1_152' title='bbox 905 3244 1324 3342; x_wconf 85' lang='lat' dir='ltr'><strong>capillorum</strong></span> <span class='ocrx_word' id='word_1_153' title='bbox 1367 3246 1643 3349; x_wconf 58' lang='lat' dir='ltr'><strong>dicitur.</strong></span> <span class='ocrx_word' id='word_1_154' title='bbox 1746 3244 1870 3317; x_wconf 87' lang='lat' dir='ltr'><strong>Est</strong></span> <span class='ocrx_word' id='word_1_155' title='bbox 1901 3264 2130 3317; x_wconf 86' lang='lat' dir='ltr'><strong>autem</strong></span> <span class='ocrx_word' id='word_1_156' title='bbox 2160 3244 2237 3317; x_wconf 90' lang='lat' dir='ltr'><strong>in</strong></span> <span class='ocrx_word' id='word_1_157' title='bbox 2272 3248 2575 3344; x_wconf 86' lang='lat' dir='ltr'><strong>quibus-</strong></span> 
     </span>
     <span class='ocr_line' id='line_1_22' title="bbox 602 3370 2573 3473; baseline 0.003 -28"><span class='ocrx_word' id='word_1_158' title='bbox 602 3370 766 3445; x_wconf 88' lang='lat' dir='ltr'><strong>dam</strong></span> <span class='ocrx_word' id='word_1_159' title='bbox 831 3379 1220 3473; x_wconf 83' lang='lat' dir='ltr'><strong>geminum:</strong></span> <span class='ocrx_word' id='word_1_160' title='bbox 1301 3409 1470 3455; x_wconf 90' lang='lat' dir='ltr'><strong>nam</strong></span> <span class='ocrx_word' id='word_1_161' title='bbox 1514 3382 1567 3453; x_wconf 90' lang='lat' dir='ltr'><strong>ii</strong></span> <span class='ocrx_word' id='word_1_162' title='bbox 1616 3378 1987 3453; x_wconf 86' lang='lat' dir='ltr'><strong>biuertices</strong></span> <span class='ocrx_word' id='word_1_163' title='bbox 2027 3402 2190 3451; x_wconf 86' lang='lat' dir='ltr'><strong>sunt</strong></span> <span class='ocrx_word' id='word_1_164' title='bbox 2236 3406 2381 3452; x_wconf 88' lang='lat' dir='ltr'><strong>non</strong></span> <span class='ocrx_word' id='word_1_165' title='bbox 2423 3404 2573 3451; x_wconf 86' lang='lat' dir='ltr'><strong>osse</strong></span> 
     </span>
    </p>
   </div>
   <div class='ocr_carea' id='block_1_4' title="bbox 601 3508 2091 3620">
    <p class='ocr_par' dir='ltr' id='par_1_5' title="bbox 601 3508 2091 3620">
     <span class='ocr_line' id='line_1_23' title="bbox 601 3508 2091 3620; baseline 0.002 -39"><span class='ocrx_word' id='word_1_166' title='bbox 601 3508 947 3620; x_wconf 85' lang='lat' dir='ltr'><strong>geminato</strong></span> <span class='ocrx_word' id='word_1_167' title='bbox 965 3566 986 3605; x_wconf 89' lang='lat'>,</span> <span class='ocrx_word' id='word_1_168' title='bbox 1040 3511 1162 3588; x_wconf 86' lang='lat' dir='ltr'><strong>sed</strong></span> <span class='ocrx_word' id='word_1_169' title='bbox 1186 3517 1607 3617; x_wconf 88' lang='lat' dir='ltr'><strong>capillorum</strong></span> <span class='ocrx_word' id='word_1_170' title='bbox 1630 3514 2091 3603; x_wconf 86' lang='lat' dir='ltr'><strong>inuolutione.</strong></span> 
     </span>
    </p>
   </div>
   <div class='ocr_carea' id='block_1_5' title="bbox 597 3728 2571 4100">
    <p class='ocr_par' dir='ltr' id='par_1_6' title="bbox 597 3728 2571 4100">
     <span class='ocr_line' id='line_1_24' title="bbox 1257 3728 1898 3810; baseline 0 -6"><span class='ocrx_word' id='word_1_171' title='bbox 1257 3732 1322 3804; x_wconf 86' lang='lat' dir='ltr'>C</span> <span class='ocrx_word' id='word_1_172' title='bbox 1382 3733 1451 3807; x_wconf 81' lang='lat' dir='ltr'>A</span> <span class='ocrx_word' id='word_1_173' title='bbox 1505 3736 1586 3809; x_wconf 87' lang='lat' dir='ltr'><strong>P.</strong></span> <span class='ocrx_word' id='word_1_174' title='bbox 1696 3728 1898 3810; x_wconf 76' lang='lat' dir='ltr'><strong>VIII.</strong></span> 
     </span>
     <span class='ocr_line' id='line_1_25' title="bbox 750 3858 2571 3959; baseline 0.005 -26"><span class='ocrx_word' id='word_1_175' title='bbox 750 3858 968 3947; x_wconf 86' lang='lat' dir='ltr'><strong>Quod</strong></span> <span class='ocrx_word' id='word_1_176' title='bbox 999 3864 1345 3942; x_wconf 74' lang='lat' dir='ltr'><strong>caluariae</strong></span> <span class='ocrx_word' id='word_1_177' title='bbox 1388 3870 1738 3959; x_wconf 69' lang='lat' dir='ltr'><strong>subiacet,</strong></span> <span class='ocrx_word' id='word_1_178' title='bbox 1790 3868 1945 3940; x_wconf 76' lang='lat' dir='ltr'><strong>solo</strong></span> <span class='ocrx_word' id='word_1_179' title='bbox 1976 3868 2053 3940; x_wconf 84' lang='lat' dir='ltr'><strong>in</strong></span> <span class='ocrx_word' id='word_1_180' title='bbox 2086 3864 2379 3941; x_wconf 83' lang='lat' dir='ltr'><strong>homine</strong></span> <span class='ocrx_word' id='word_1_181' title='bbox 2402 3867 2571 3942; x_wconf 80' lang='lat' dir='ltr'><strong>vul-</strong></span> 
     </span>
     <span class='ocr_line' id='line_1_26' title="bbox 597 3983 2570 4100; baseline 0.004 -32"><span class='ocrx_word' id='word_1_182' title='bbox 597 4010 708 4065; x_wconf 74' lang='lat' dir='ltr'><strong>mn</strong></span> <span class='ocrx_word' id='word_1_183' title='bbox 753 4020 1072 4073; x_wconf 68' lang='lat' dir='ltr'><strong>vocatum</strong></span> <span class='ocrx_word' id='word_1_184' title='bbox 1127 4002 1202 4083; x_wconf 85' lang='lat' dir='ltr'><strong>in</strong></span> <span class='ocrx_word' id='word_1_185' title='bbox 1247 3994 1494 4079; x_wconf 67' lang='lat' dir='ltr'><strong>oetefis</strong></span> <span class='ocrx_word' id='word_1_186' title='bbox 1543 3983 1963 4075; x_wconf 81' lang='lat' dir='ltr'><strong>animalibus</strong></span> <span class='ocrx_word' id='word_1_187' title='bbox 2008 4030 2153 4079; x_wconf 87' lang='lat' dir='ltr'><strong>non</strong></span> <span class='ocrx_word' id='word_1_188' title='bbox 2182 4003 2387 4100; x_wconf 81' lang='lat' dir='ltr'><strong>item3</strong></span> <span class='ocrx_word' id='word_1_189' title='bbox 2438 4026 2570 4075; x_wconf 84' lang='lat' dir='ltr'><strong>ne-</strong></span> 
     </span>
    </p>
   </div>
  </div>
 </body>
</html>
