2917 4959
649 439 786 544 ιώ
1233 469 2007 538 ARISTOTELIS

641 658 799 732 lana
843 648 1115 730 imbuta
1148 651 1431 727 modico
1475 654 1648 729 lacte
1694 654 2022 747 abluitur,
2072 655 2271 755 quod
2316 659 2606 739 mistum

641 792 801 864 lacti
833 791 1064 888 ipsum
1097 768 1301 887 cog-it.
1405 787 1799 886 coagulum
1828 811 2059 864 autem
2086 791 2199 865 lac
2228 815 2329 868 est
2362 821 2609 898 reper-

637 947 787 996 tum
835 923 914 996 in
963 921 1365 996 lactentium
1412 943 1653 996 ventre
1667 976 1688 1015 ,
1760 920 1837 994 in
1887 947 1957 996 se
2008 951 2282 1010 caseum
2310 927 2606 1027 (vulgo

633 1057 896 1155 ignem)
940 1055 1234 1131 habens:
1287 1059 1369 1130 fit
1411 1077 1643 1130 autem
1685 1082 1768 1129 ex
1816 1056 2047 1132 calore
2072 1059 2393 1136 animalis
2422 1091 2607 1139 con-

631 1181 830 1266 cocto
861 1193 1050 1268 lacte.
1155 1190 1612 1266 Ruminantia
1641 1189 1877 1266 omnia
1906 1193 2277 1290 coagulum
2305 1195 2601 1272 habent:

633 1345 704 1398 at
749 1351 832 1398 ex
875 1326 994 1418 iis,
1047 1313 1232 1426 quae
1273 1348 1567 1426 vtraq'ue
1606 1325 1889 1398 maxilla
1931 1351 2171 1401 omnes
2200 1327 2439 1403 deutes
2464 1330 2602 1404 ha·-

630 1460 796 1533 bent
812 1516 834 1555 ‚
883 1462 1100 1561 lepus.
1136 1459 1519 1561 (dasypus.)
1552 1459 1835 1545 Quanto
1868 1461 2205 1536 vetustius
2230 1466 2621 1562 coagulum·

626 1617 762 1691 est,
815 1615 1002 1672 tanto
1046 1596 1525 1695 praestantius:
1577 1567 1846 1669 confert
1886 1595 2078 1668 enim
2122 1616 2271 1670 tum
2302 1599 2603 1686 maxime

621 1731 773 1803 alui
817 1732 1227 1831 profluuiis;
1279 1730 1478 1829 quod
1521 1721 1729 1802 etiam
1776 1729 2181 1827 leporinum
2222 1731 2421 1804 facit:
2476 1731 2600 1806 sed

528 1872 564 1953 '7
631 1867 1292 1966 praestantissimum
1318 1887 1418 1938 est
1443 1863 1731 1936 hinnuli
1761 1866 2153 1964 coagulum.
2240 1865 2597 1966 Mulgetur

625 1987 734 2076 lac
773 2003 930 2101 plus
960 2003 1284 2076 minusue
1317 2021 1384 2074 et
1410 1996 1795 2073 secundum
1824 1999 2259 2098 proceritatis
2284 2028 2596 2100 propor-

623 2137 920 2232 tionem,
971 2157 1041 2210 et
1084 2163 1214 2236 pro
1243 2135 1633 2207 differentia
1664 2135 2101 2233 pabulorum.
2203 2133 2483 2208 Etenim
2514 2136 2593 2208 in

625 2271 924 2345 Phaside
950 2292 1134 2346 terra
1161 2270 1456 2370 pusillae
1488 2259 1781 2342 bumlae
1808 2288 2005 2361 sunt,
2046 2293 2089 2340 e
2116 2295 2417 2368 quarum
2440 2267 2593 2342 sin-

621 2407 804 2502 gulis
835 2406 1142 2478 multum
1171 2405 1362 2478 lactis
1389 2401 1707 2476 habetur.
1810 2401 1929 2474 Ab
1960 2401 2338 2502 Epiroticis
2365 2423 2593 2479 autem

619 2513 842 2612 vaccis
873 2538 1014 2610 illis
1056 2535 1597 2638 praegrandibus
1628 2565 1669 2610 e
1698 2536 1995 2634 singulis
2028 2535 2439 2638 quadrantal
2480 2541 2590 2613 la-

617 2673 746 2746 ctis
790 2703 870 2748 ac
910 2673 1116 2748 semis
1161 2698 1245 2746 ex
1289 2691 1578 2772 vti-aque
1620 2695 1944 2746 mamma.
2048 2671 2321 2770 Mulget
2351 2695 2589 2770 pastor

617 2830 844 2883 rectus
881 2829 998 2883 aut
1027 2809 1398 2908 paululum
1426 2807 1820 2904 inclinatus,
1866 2828 2227 2908 propterea
2256 2805 2489 2906 quod,
2520 2807 2585 2881 si

613 2941 876 3037 sedeat,
927 2943 1258 3041 attingere
1295 2971 1513 3016 manu
1560 2971 1708 3018 non
1746 2944 1923 3044 quit.
2024 2939 2353 3040 Namque
2388 2969 2469 3018 ea
2502 2943 2585 3018 iu

615 3099 974 3150 terracum
994 3061 1168 3152 aliae
1183 3075 1673 3178 quadrupedes
1696 3099 1975 3176 praeter
1986 3078 2259 3152 asinum
2274 3105 2583 3178 magnae,

611 3233 766 3284 tum
809 3193 1094 3288 maximi
1135 3231 1202 3288 et
1241 3212 1456 3286 boues
1496 3233 1566 3285 et
1611 3238 1839 3287 canes:
1887 3213 2139 3313 pabuli
2184 3239 2353 3289 vero
2384 3237 2588 3312 egent

609 3321 946 3422 vberioris
960 3406 981 3444 ,
1029 3331 1218 3422 tanta
1261 3375 1423 3421 cum
1472 3347 1647 3420 sint:
1714 3370 1924 3448 atque
1974 3377 2055 3424 ea
2086 3348 2275 3446 regio
2316 3373 2481 3420 sane
2508 3369 2581 3423 et

605 3485 912 3558 multum
944 3463 1196 3559 sufficit
1210 3540 1231 3579 ,
1279 3505 1348 3558 et
1381 3483 1639 3583 quouis
1668 3486 1833 3558 anni
1864 3506 2179 3582 tempore
2208 3481 2577 3558 commoda

609 3617 697 3690 ad
742 3618 820 3694 id
863 3622 1014 3696 loca
1061 3620 1290 3697 habet.
1407 3617 1596 3692 Cum
1640 3619 1855 3718 igitur
1898 3615 2072 3690 vasti
2112 3615 2329 3688 boues
2376 3639 2539 3692 sunt
2554 3671 2575 3712 ,

605 3773 760 3827 tum
807 3783 974 3832 oues
1013 3753 1423 3858 Pyrrhica03
1488 3754 1683 3852 quod
1720 3769 2257 3850 cognomentum
2292 3751 2383 3824 ab
2417 3779 2577 3852 rege

509 3889 549 3950 8
611 3885 888 3990 Pyrrho
925 3871 1206 3966 traxere.
1271 3887 1416 3960 Lac
1449 3881 1637 3961 certo
1668 3883 1931 3986 pabulo
1960 3884 2229 3980 deficit,
2256 3907 2331 3959 vt
2355 3885 2573 3960 herba

603 4020 880 4100 Medica
895 4079 916 4120 ,
985 4023 1388 4129 pracsertim
1435 4021 1960 4098 ruminantium.
2044 4019 2213 4094 Alio
2262 4039 2570 4120 augetur,
