2917 4959
586 488 737 565 260
861 544 903 590 .·
1191 484 1948 557 Ams'ro'rEms

589 674 1046 773 incipiebant,
1098 666 1203 740 ibi
1233 694 1399 741 vero
1431 668 1750 764 pisciculi
1779 692 1941 740 cum
1965 668 2134 765 ipsis
2165 696 2387 769 aquae
2417 675 2566 747 ini·-

592 810 707 883 tiis
732 801 1153 898 exoriri,qui
1184 820 1648 897 genusessent
1678 827 1925 875 eorum
1954 803 2335 915 mugilum,
2365 808 2568 907 quod

594 970 629 1017 e
656 938 847 1011 coitu
872 934 1060 1007 nasci
1092 932 1269 1007 solet
1282 986 1303 1026 ‚
1334 932 1750 1033 pusillarum
1773 937 2256 1011 maenularum
2281 944 2568 1041 magui-

587 1072 858 1161 tudine,
910 1068 1058 1141 sine
1106 1056 1281 1161 ouo,
1332 1066 1482 1140 sine
1528 1067 1803 1145 semine.
1899 1068 1986 1141 In
2017 1068 2224 1143 Asiae
2273 1068 2566 1172 quo'que

584 1206 825 1281 fluuiis
838 1258 859 1295 ‚
912 1202 1041 1299 qui
1088 1202 1163 1273 iu
1201 1228 1399 1273 mare
1432 1203 1698 1273 exitum
1725 1228 1870 1277 non
1895 1200 2157 1275 habent
2173 1258 2194 1295 ‚
2243 1204 2566 1301 pisciculi

586 1326 834 1440 pusilli
876 1354 1280 1426 nascuntur,
1332 1333 1931 1433 quemadmodum
1979 1356 2048 1406 et
2093 1335 2204 1407 illi
2221 1392 2241 1430 ,
2307 1338 2572 1415 similes

589 1500 759 1550 vero
792 1469 1247 1543 minimorum
1276 1465 1783 1565 pisciculorum
1813 1467 2176 1567 (hepseti)
2211 1470 2564 1545 intestinis.

592 1606 901 1693 Quidam
943 1602 1123 1675 falso
1166 1604 1269 1674 sic
1312 1629 1550 1677 omnes
1595 1604 1892 1701 mugiles
1927 1603 2124 1675 aiunt
2153 1605 2560 1703 proueniret

588 1767 671 1814 eo
694 1764 1007 1837 namque
1044 1736 1122 1809 in
1152 1764 1399 1833 genere
1424 1758 1734 1835 gerentes
1763 1764 1900 1811 oua
1927 1738 2224 1810 feminae
2247 1758 2312 1809 et
2341 1766 2562 1811 mares

588 1896 751 1948 cum
790 1871 1054 1945 semine
1100 1868 1380 1969 genitali
1422 1871 1774 1946 videntur.'
1867 1871 2010 1945 Sed
2055 1892 2320 1945 certum
2349 1900 2562 1970 genus

588 2006 923 2081 duntaxat
966 2000 1179 2079 id-est
1193 2061 1214 2098 ‚
1267 2002 1457 2104 quod
1494 2033 1533 2078 e
1571 2007 1742 2080 limo
1791 2026 1858 2079 et
1892 2032 2096 2079 arena
2139 2028 2561 2102 procreatur.

489 2148 532 2194 2
594 2144 779 2215 Cum
825 2140 1039 2239 igitur
1066 2138 1409 2238 quaedam
1450 2167 1675 2239 neque
1697 2166 1788 2213 ex
1819 2140 1974 2215 ouis
2001 2166 2226 2239 neque
2256 2165 2340 2212 ex
2371 2140 2566 2215 coitu

586 2276 710 2349 sed
760 2273 1005 2371 sponte
1055 2274 1229 2348 oriri
1276 2272 1389 2346 his
1454 2275 1872 2373 argumentis
1933 2274 2378 2347 manifestum
2427 2296 2562 2369 est,

584 2430 739 2479 tum
775 2434 940 2483 vero
985 2436 1165 2505 quae
1190 2434 1421 2505 neque
1454 2434 1676 2480 ouum
1715 2437 1942 2509 neque
1973 2408 2228 2481 animal
2261 2411 2562 2506 pariunt,

587 2525 831 2616 omnia
851 2541 961 2615 vel
995 2538 1234 2613 elimo
1260 2540 1374 2611 vel
1406 2565 1490 2611 ex
1517 2568 1757 2635 arena,
1809 2565 2018 2641 atque
2043 2542 2252 2643 etiam
2273 2569 2358 2617 ex
2389 2545 2564 2617 flu'i-

586 2689 777 2748 tante
805 2700 877 2747 re
908 2668 1239 2774 quapiam
1270 2672 1653 2772 putrefacta
1683 2656 1964 2750 euenire
1993 2677 2256 2771 solent3
2307 2704 2563 2776 quem-

588 2807 975 2881 admodum
1020 2836 1103 2881 ex
1146 2808 1481 2883 sabulone
1527 2838 1605 2884 ea
1620 2866 1641 2905 ‚
1691 2830 1905 2910 quam
1947 2809 2024 2883 in
2067 2837 2314 2907 genere
2339 2838 2558 2909 apuae

484 2972 493 2981 ’
582 2966 907 3039 spumam
948 2962 1216 3015 vocant.
1320 2943 1443 3015 Est
1458 2940 1660 3018 'euim
1687 2944 2028 3019 eiusmodi
2055 2973 2234 3044 apua
2250 3000 2271 3038 ,
2325 2968 2397 3019 vt
2429 2972 2557 3019 ne-

582 3102 719 3174 que
758 3074 1161 3173 grandescat
1177 3129 1198 3166 ‚
1250 3103 1478 3173 neque
1525 3076 1780 3185 habilis
1826 3080 1914 3152 sit
1946 3078 2036 3151 ad
2068 3078 2558 3177 generandum,

507 3230 515 3240 ’
578 3234 805 3305 neque
831 3208 957 3281 diu
986 3224 1195 3307 queat
1232 3205 1499 3284 durare.
1601 3208 1744 3284 Sed
1775 3212 2014 3310 priore
2043 3216 2250 3307 {urba
2277 3214 2557 3307 abolita,

577 3343 789 3415 altera
817 3342 1198 3415 succrescit.
1282 3342 1472 3430 Quo·
1487 3347 1604 3453 fit,
1653 3367 1728 3421 vt
1745 3403 1766 3440 ,
1805 3370 2287 3445 praeterquam
2331 3346 2554 3443 Paruo

578 3498 893 3577 tempore
923 3477 1234 3577 quodam
1252 3534 1274 3573 ,
1326 3474 1598 3578 semper
1619 3482 2005 3580 proueniat.
2107 3481 2336 3552 Durat
2360 3478 2554 3551 enim

562 3614 667 3687 'ab
698 3612 901 3686 initio
927 3612 1219 3686 Arcturi
1269 3616 1688 3697 autumnalis
1735 3614 1823 3687 ad
1869 3640 1991 3689 ver
2037 3637 2272 3710 vsque.
2373 3612 2553 3687 Eam

572 3764 741 3822 v‘ero
780 3774 819 3821 e
858 3767 1044 3821 terra
1078 3744 1377 3847 prodire
1410 3748 1762 3823 interdum
1801 3747 1942 3818 hoc
1973 3768 2382 3845 argumento
2413 3750 2556 3823 ob—

568 3890 935 3953 serum-unt
962 3880 1331 3979 piscatores
1344 3934 1366 3973 ‚
1412 3881 1607 3978 quod
1639 3878 1910 3977 frigidis
1941 3881 2378 3981 temporibus
2409 3910 2552 3960 non

560 4012 897 4115 capiatur,
926 4014 1051 4093 sed
1072 4036 1339 4118 tepore·
1366 4010 1584 4115 quem
1607 4012 1698 4093 de
1723 4016 1910 4109 terra
1939 4028 2295 4117 emergens
2323 4025 2552 4118 captet
