2917 4959
577 464 724 555 25o
1183 478 1931 549 Ams'ro'rnms
2036 556 2043 563 ‚

567 689 754 743 terea
791 690 970 767 quae
991 664 1064 735 in
1094 660 1236 735 ima
1256 682 1418 735 sunt
1447 661 1773 753 matrice,
1825 681 1891 735 et
1918 684 2457 761 concoquuntur
2483 686 2550 738 et

469 818 508 881 7
573 799 1044 901 perficiuntur.
1151 796 1392 869 Cetera
1455 820 1627 869 vero
1676 794 2138 867 mustelorum
2182 822 2429 893 genera
2480 821 2553 871 et

566 934 888 1011 emittunt
929 948 998 1002 et
1039 927 1419 1025 admittunt
1457 928 1645 1001 intra
1676 954 1749 1001 se
1782 928 2082 1001 catulos:
2129 929 2295 1005 item
2326 960 2551 1031 squa-

563 1068 746 1141 tinae
779 1086 847 1137 et
872 1058 1290 1161 torpedines.
1367 1061 1521 1137 Iam
1546 1088 1715 1137 vero
1742 1061 2171 1159 deprehensa
2199 1084 2301 1137 est
2330 1091 2545 1162 gran-

561 1200 724 1274 dior
769 1194 1104 1297 torpedo,
1157 1220 1336 1293 quae
1387 1194 1479 1269 ad
1524 1196 1873 1293 octoginta
1916 1196 2298 1271 contineret
2347 1198 2423 1271 in
2470 1224 2547 1271 se

561 1334 806 1409 foetus.
909 1330 1122 1405 Solus
1149 1331 1611 1405 mustelarum
1642 1330 1885 1429 spinus
1916 1357 2063 1403 non
2092 1329 2338 1428 recipit
2371 1356 2549 1429 pro-

560 1489 719 1569 pter
747 1468 1054 1565 spinam:
1085 1492 1123 1537 e
1155 1461 1521 1539 latioribus
1546 1490 1779 1563 neque
1796 1465 2144 1562 pastinaca
2164 1490 2391 1561 neque
2406 1465 2549 1537 raia

563 1605 658 1677 01)
707 1600 966 1673 caudae
1009 1597 1485 1696 asperitatem:
1540 1626 1619 1671 ac
1665 1624 1756 1673 ne
1798 1626 1965 1671 rana
1996 1597 2285 1697 quidem
2318 1600 2543 1673 foetus

559 1762 722 1808 suos
755 1734 1034 1833 recipit,
1069 1754 1224 1806 tum
1257 1732 1352 1805 01)
1373 1733 1619 1831 capitis
1650 1732 2227 1832 magnitudinem,
2259 1754 2411 1807 tum
2444 1736 2537 1807 01)

557 1868 826 1968 spinas:
875 1866 1054 1966 quin
1087 1894 1174 1939 ne
1204 1868 1460 1941 animal
1491 1870 1782 1969 quidem
1812 1868 1995 1967 parit
2024 1868 2201 1941 haec
2228 1868 2377 1941 sola
2400 1866 2541 1942 hoc

556 2005 636 2077 in
661 2030 947 2103 genere,
999 2002 1595 2104 quemadmodum
1624 2026 1819 2078 antea
1852 2002 2123 2077 dictum
2148 2024 2267 2077 est.
2374 2004 2541 2090 Quo

554 2136 772 2235 igitur
797 2136 1126 2213 differant
1156 2140 1336 2215 inter
1359 2166 1460 2233 se,
1496 2166 1783 2238 quoque
1806 2158 2216 2238 generentur
2242 2164 2327 2213 ex
2356 2138 2535 2233 ouis,

555 2271 618 2347 is
663 2272 919 2348 modus
971 2294 1089 2347 ωε.

717 2405 996 2503 [Vulgo
1098 2407 1156 2479 C
1204 2407 1273 2480 A
1324 2406 1400 2479 P.
1503 2408 1637 2481 XI.
1740 2408 2088 2507 Scaligero
2188 2408 2361 2507 IX.]

452 2551 491 2610 8
658 2538 892 2613 Mares
931 2560 1168 2614 autem
1207 2561 1524 2637 tempore
1566 2542 1789 2615 coitus
1830 2566 2097 2617 meatus
2126 2540 2391 2617 habent
2416 2572 2545 2643 ge-

551 2674 826 2749 niturae
867 2674 1110 2772 plenos
1127 2730 1148 2769 ,
1200 2673 1374 2749 adeo
1406 2697 1484 2749 vt
1516 2677 1849 2774 expressis
1878 2699 2071 2754 exeat
2100 2676 2267 2751 inde
2290 2676 2541 2751 candi-

551 2808 728 2885 dum
757 2834 1008 2881 semen.
1113 2810 1299 2885 Sunt
1327 2810 1382 2884 ii
1406 2809 1625 2903 binii,
1678 2839 1719 2885 a
1742 2838 1915 2885 vena
1946 2838 2196 2909 magna
2226 2832 2293 2885 et
2330 2838 2537 2911 prae-

547 2943 862 3017 cinctura
913 2943 1071 3039 orti.
1171 2944 1380 3023 Tunc
1425 2946 1641 3044 igitur
1676 2946 2037 3045 conspicui
2066 2970 2233 3021 sunt
2272 2948 2349 3023 in
2378 2944 2536 3024 mass

547 3076 748 3151 ribus
791 3099 1058 3152 meatus
1107 3078 1253 3174 illi,
1307 3082 1691 3181 comparati
1736 3108 1903 3155 cum
1952 3103 2151 3157 vtero
2192 3083 2533 3157 femineo:

548 3212 934 3307 (Scaliger
959 3210 1168 3307 adeo,
1219 3236 1296 3291 vt
1324 3216 1414 3289 ad
1445 3216 1867 3291 feminarum
1900 3218 2217 3293 matrices
2250 3244 2537 3315 respon-

547 3346 755 3421 deant
779 3348 1234 3446 proportione
1248 3350 1296 3447 ε)
1327 3352 1465 3425 alio
1494 3374 1807 3453 tempore
1834 3353 2071 3427 minus
2102 3346 2535 3448 deprehendi

542 3504 837 3583 possunt
851 3535 872 3574 ,
927 3481 1062 3553 nisi
1099 3512 1140 3555 a
1175 3487 1437 3582 peritis·
1546 3487 1863 3562 Omnino
1892 3487 2080 3561 enim
2109 3478 2533 3583 quibusdam

541 3640 734 3693 certo
779 3636 1094 3715 tempore
1139 3621 1320 3693 nulli
1367 3644 1701 3723 apparent
1717 3678 1739 3717 ,
1788 3620 1993 3706 sicuti
2028 3616 2117 3691 de
2144 3614 2389 3689 auium
2418 3635 2535 3687 tc-

541 3754 764 3827 stibus
803 3748 1076 3825 dietum
1105 3776 1223 3829 est.
1329 3756 1713 3835 Semiuales
1754 3776 2013 3831 meatus
2041 3776 2111 3828 et
2142 3750 2535 3825 matricales

542 3885 722 3959 inter
758 3914 830 3961 se
861 3885 1198 3963 differunt
1214 3946 1235 3985 ,
1289 3918 1372 3967 eo
1401 3892 1606 3967 etiam
1620 3946 1641 3986 ,
1694 3890 1892 3993 quod
1922 3890 2005 3965 hi
2034 3884 2325 3992 quidem
2354 3884 2535 3960 hae-

542 4040 696 4093 rent
728 4020 990 4099 lumbis
1005 4078 1028 4119 ,
1071 4025 1354 4103 feminis
1384 4048 1617 4103 autem
1644 4030 1825 4105 benc
1856 4027 2153 4107 mobiles
2186 4045 2351 4100 sunt
2366 4078 2388 4116 ,
2420 4042 2533 4095 te-
