2917 4959
660 492 809 563 426
1264 479 2026 554 Anlswo'rnms
2085 535 2092 546 .
2215 421 2224 428 ’

714 673 775 748 c
805 671 873 747 A
902 669 979 747 P.
1025 667 1343 747 xxvn.
1396 666 1646 764 (vulgo
1697 664 1760 737 c
1787 663 1860 735 A
1891 664 1968 739 P.
2015 661 2177 740 Χις
2229 635 2600 763 scaligero

1346 799 1582 874 cAP.
1649 795 1956 895 Lxlv.)

672 1005 680 1013 .
805 935 1241 1013 Insectorum
1293 961 1466 1016 vero
1515 958 1730 1032 genus
1787 953 1889 1006 est.
1935 928 2304 1032 quoddam
2319 983 2345 1019 ,
2447 930 2662 1032 quod

658 1069 941 1153 nomine
965 1094 1155 1146 caret
1170 1125 1195 1166 ‚
1242 1097 1393 1170 quo
1433 1091 1578 1142 vno
1619 1060 2262 1164 comprehendatur.
2365 1066 2668 1140 Verum

655 1230 899 1280 omnes
928 1203 1195 1304 species
1222 1203 1584 1278 continent
1609 1201 1909 1276 formam
1937 1223 2413 1296 congenerem.
2505 1199 2668 1274 Eae

657 1360 827 1414 sunt
870 1365 1333 1438 quaecunque
1392 1339 1786 1410 sanificant:
1865 1333 2102 1434 quales
2149 1359 2314 1431 apes
2376 1354 2541 1406 sunt
2587 1353 2658 1408 et

660 1500 845 1574 quae
886 1473 1103 1547 simili
1130 1475 1339 1570 [facie.
1485 1471 1769 1546 Horum
1817 1494 2064 1568 genera
2129 1488 2296 1540 sunt
2367 1493 2650 1542 nouem.

662 1593 991 1696 Quorum
1034 1635 1153 1682 sex
1200 1605 1542 1706 gregalia=
1611 1631 1770 1705 apes
1787 1659 1807 1698 ‚
1859 1629 2075 1702 apum
2119 1626 2314 1700 reges
2329 1657 2351 1696 ,
2423 1601 2650 1692 fucus,

654 1729 991 1839 apiaster',
1040 1767 1542 1842 vespaannua,
1602 1741 1850 1814 crabro
1885 1759 1955 1812 et
1981 1735 2377 1812 tenthredo.
2477 1735 2648 1810 Tria

654 1872 1005 1950 solitaria:
1055 1878 1241 1951 siren
1270 1905 1570 1977 paruus,
1620 1877 1895 1968 fuscum
1945 1871 2120 1946 alter
2165 1873 2354 1946 siren
2397 1870 2648 1963 maior,

654 2009 856 2107 niger
884 2030 956 2086 et
986 2013 1241 2086 varius.
1290 2009 1624 2086 ’'Teu-tius
1638 2064 1660 2103 ,
1737 2009 2062 2082 omnium
2107 2005 2372 2080 horum
2411 2004 2650 2078 maxi-

656 2169 818 2224 mus
830 2195 855 2236 ,
904 2146 1309 2248 bombylius
1359 2146 1488 2246 qui
1531 2143 1956 2222 nominatur.
2073 2141 2260 2240 Ergo
2307 2138 2642 2214 formicae

658 2274 846 2351 nihil
881 2299 1257 2374 venantur,
1306 2278 1430 2354 sed
1458 2279 1641 2355 facta
1669 2279 1758 2352 ab
1805 2277 1962 2353 aliis
1995 2277 2358 2376 colligunt.
2454 2271 2648 2347 Ara·
2763 2361 2766 2364 q

654 2410 772 2484 nei
796 2409 987 2484 nihil
1014 2413 1283 2487 faciunt
1310 2414 1474 2513 ipsi,
1523 2440 1754 2513 neque
1771 2409 2434 2524 horreum1lanbent:
2483 2393 2646 2482 tan:-

660 2564 815 2618 tum
842 2558 1183 2622 venantur
1204 2601 1227 2643 ,
1276 2573 1422 2648 quo
1452 2547 1786 2622 victitent.
1855 2603 1864 2612 -
1893 2525 2114 2637 Quod'
2144 2565 2380 2620 autem
2403 2540 2496 2616 ad
2525 2565 2648 2639 ge·-

654 2707 823 2756 nera
839 2737 865 2776 ‚
910 2709 1095 2782 quae
1124 2681 1653 2783 descripsimus,
1711 2681 2039 2782 pertinet,
2089 2701 2328 2780 postea
2355 2675 2640 2755 dicetur.

654 2813 757 2889 At
785 2841 949 2914 apes
971 2817 1159 2890 nihil
1176 2840 1550 2893 venantur:
1581 2840 1650 2894 et
1663 2818 1854 2916 ipsae
1869 2815 2134 2890 faciunt
2159 2835 2230 2888 et
2261 2831 2644 2914 reponunt:

654 2949 941 3024 aluntur
956 2951 1149 3026 enim
1176 2952 1429 3050 melle3
1479 2952 1678 3054 quod
1695 2951 2060 3025 manifesto
2090 2933 2398 3050 apparet.
2451 2943 2641 3022 Nam

654 3111 823 3158 eum
850 3107 1146 3160 castrare
1177 3085 1415 3162 alueos
1444 3105 1692 3186 parant
1713 3083 2078 3158 mellifica
2093 3138 2115 3177 ,
2181 3085 2422 3157 suffitu
2463 3074 2644 3153 fumi

654 3215 1101 3294 vehementer
1120 3243 1417 3316 vexatae,
1467 3244 1620 3296 tum
1657 3244 1822 3296 vero
1849 3219 2158 3294 maxime
2183 3239 2452 3293 vorant·
2465 3217 2640 3290 mel:

656 3351 799 3426 alio
846 3373 1163 3451 tempore
1204 3381 1349 3428 nou
1394 3355 1568 3432 item
1609 3375 2056 3456 perspectum
2117 3373 2253 3446 est,
2303 3349 2426 3424 sed
2471 3377 2647 3448 par-

658 3509 829 3563 cunt
858 3509 927 3563 et
952 3513 1304 3587 reponunt
1330 3492 1478 3565 cibi
1505 3491 1744 3592 gratia.
1843 3489 1970 3569 Est
2011 3511 2080 3564 et
2105 3484 2280 3560 alius
2328 3481 2472 3555 illis
2525 3483 2646 3554 ci·-

656 3623 827 3717 bus,
878 3651 1093 3724 quem
1120 3626 1532 3706 cerinthum
1553 3627 1774 3730 aliqui
1803 3643 2067 3704 vocant.
2165 3619 2294 3695 Est
2328 3617 2473 3694 hoe
2505 3615 2642 3692 de-

660 3758 913 3859 terius,
998 3757 1443 3837 dulcedinem
1494 3789 1726 3842 tamen
1766 3765 1886 3838 fici
1936 3758 2224 3833 habens.
2363 3753 2642 3829 Gerunt

658 3887 801 3965 hoc
829 3891 1191 3990 cruribus,
1240 3899 1838 3998 quemadmodum
1882 3919 1951 3973 et
1997 3920 2249 3994 ceram.
2383 3887 2636 3987 Magna

662 4047 902 4100 earum
932 4024 1009 4100 in
1046 4057 1259 4132 opere
1301 4055 1369 4109 et
1399 4035 1682 4114 viuendi
1730 4033 2000 4109 ratione
2039 4027 2382 4105 industria
2429 4045 2629 4125 atque
