2917 4959
696 441 833 511 DE
879 435 1343 508 ANIMAL.
1382 427 1678 506 Ἠιετ.
1743 439 1795 507 1.
1856 463 1914 512 1.
2229 473 2272 543 9

338 631 643 708 moribus
684 613 753 700 et
795 625 1045 725 pennis
1070 646 1137 696 et
1168 625 1341 698 facie
1382 624 1562 696 inter
1602 650 1672 698 se
1705 625 2066 721 proximae
2102 651 2282 708 ειιιιῆι

330 767 691 865 Apparent
720 781 946 835 autem
986 761 1227 860 apedes
1260 783 1409 835 toto
1438 760 1604 832 anni
1638 749 1946 857 tempore
1959 815 1979 854 ‚
2033 763 2284 842 falcula

328 928 497 978 vero
530 920 773 972 aestate
803 917 963 994 post
992 898 1307 994 pluuiam
1339 917 1407 968 et
1436 896 1856 994 conspicitur
1883 918 1952 983 et
1982 899 2288 996 capitur-3

329 1036 619 1112 omnino
663 1053 893 1108 autem
936 1059 1084 1104 rara
1116 1033 1269 1106 visu
1304 1033 1575 1104 anicula
1609 1052 1726 1140 est.
1829 1030 2024 1117 Quae
2057 1055 2288 1108 autem

332 1193 397 1244 et
425 1168 843 1268 gradiuntur
874 1188 942 1240 et
972 1188 1235 1260 natant,
1289 1168 1500 1239 multa
1531 1165 1987 1238 inueniuntur
2020 1169 2288 1242 anima-

332 1305 446 1377 lia.
534 1304 721 1376 Sunt
745 1323 1095 1399 praeterea
1119 1322 1274 1372 tum
1292 1301 1466 1374 vitae
1491 1321 1642 1373 tum
1667 1301 1960 1374 actiones
1973 1357 1994 1394 ‚
2031 1304 2284 1401 quihus
2312 1329 2386 1372 10

340 1437 437 1509 ad
470 1437 669 1508 hunc
697 1434 987 1508 modum
1015 1433 1719 1507 differunt-animalia.
1823 1435 2084 1508 Partim
2107 1439 2291 1511 enim

310 1571 633 1668 ‚gregalia
678 1591 835 1641 sunt
848 1625 867 1660 ‚
952 1569 1207 1667 partim
1246 1568 1583 1643 solitaria:
1661 1589 1802 1640 tam
1850 1571 2289 1665 ambulatiua,

334 1693 548 1804 quam
585 1705 895 1777 volucria
925 1731 1005 1776 ac
1040 1701 1364 1775 natatilia.
1479 1695 1836 1788 Quaedam
1871 1701 2034 1778 vero
2064 1673 2294 1778 ambi-

336 1866 509 1938 guae
536 1840 715 1913 vitae
744 1859 919 1910 sunt.
988 1837 1391 1935 Gregalium
1418 1835 1756 1935 quaedam
1783 1837 2059 1912 ciuilem
2083 1829 2295 1914 vitam

336 1975 613 2066 colunt,
666 1973 799 2045 alia
844 1971 1147 2068 dispersa
1200 1973 1464 2047 viuunt.
1556 1960 1886 2069 Gregales'
1917 1994 2076 2046 sunt
2115 1973 2295 2047 inter

339 2109 535 2180 alites
580 2109 937 2200 columba,
994 2131 1193 2202 grus,
1246 2107 1419 2182 olor.
1494 2145 1502 2154 ·
1537 2087 2040 2210 Vneunguium
2076 2109 2298 2182 nulla.'

340 2243 533 2314 Inter
570 2243 879 2314 natatilia
924 2241 1143 2310 multa
1182 2239 1480 2333 piscium
1514 2267 1760 2337 genera
1778 2294 1798 2332 ,
1843 2241 2078 2338 quales
2121 2265 2298 2338 quos

295 2345 301 2352 ’
348 2393 605 2448 vocant
648 2372 973 2468 (nomine
1018 2372 1415 2468 communi)
1460 2388 1766 2448 cursores
1781 2429 1800 2466 ,
1855 2365 2300 2472 (dromades)

354 2493 604 2606 tthni
620 2559 641 2598 ,
694 2501 1089 2604 pelamydes
1118 2525 1185 2576 et
1214 2504 1447 2578 amiae.
1517 2507 1752 2582 Homo
1781 2530 2006 2582 autem
2035 2530 2302 2584 Vtram-

349 2666 487 2739 que
507 2640 773 2713 obtinet
794 2657 1127 2712 naturam.
1198 2639 1457 2711 Ciuiles
1487 2643 1858 2716 animantes
1890 2663 2083 2732 sunt,
2125 2629 2300 2740 quae
2326 2671 2404 2717 ιι·

348 2805 571 2849 vnum
622 2775 1083 2848 communiter
1138 2767 1455 2845 exercent
1505 2801 1719 2872 opus3
1783 2772 1861 2844 id
1918 2773 2113 2871 quod
2160 2794 2304 2850 non

348 2935 595 2984 omnes
640 2909 901 2984 faciunt
930 2911 1243 3007 gregales.
1312 2908 1503 2982 ·Hoc
1537 2909 1614 2982 in
1654 2935 1896 3007 genere
1927 2901 2144 2982 homo
2183 2931 2304 3002 est,

360 3071 515 3142 apes
533 3100 554 3137 ‚
602 3069 882 3142 vespae,
933 3043 1253 3138 formica,
1306 3073 1489 3144 grus.
1570 3043 1840 3116 Harum
1865 3037 2093 3115 autem
2118 3071 2306 3118 non-

364 3178 599 3250 nullae
638 3179 763 3248 suh
795 3175 971 3248 duce
1005 3199 1199 3273 sunt3
1250 3177 1588 3278 quaedam
1616 3167 2010 3276 principatu
2037 3199 2307 3274 carent;

354 3309 948 3411 quemadmodum
988 3303 1154 3410 grus
1190 3334 1259 3385 et
1303 3341 1516 3411 apum
1552 3338 1764 3410 genus
1801 3314 1930 3384 sub
1969 3310 2162 3384 duee·
2179 3310 2310 3385 de·-

356 3467 551 3543 gunt.
657 3445 941 3519 Contra‘
984 3449 1313 3521 formicae
1378 3448 1650 3546 aliaque
1707 3446 2009 3544 plurima
2069 3473 2311 3544 genera

353 3581 635 3653 nullum
682 3577 942 3654 hahent
988 3582 1395 3680 principem.
1499 3579 1678 3654 Tam
1719 3607 1886 3656 vero
1933 3583 2314 3679 gregalibus

363 3741 576 3811 quam
600 3715 921 3788 solitariis
952 3741 1349 3790 communes
1365 3714 1754 3788 affectiones
1767 3737 1834 3789 et
1851 3741 1995 3788 non
2021 3715 2314 3810 migrare

372 3867 442 3917 et
482 3847 917 3944 peregrinari.
1016 3847 1197 3920 Sunt
1236 3875 1413 3948 quae
1452 3871 1810 3924 vescantur
1857 3872 2088 3924 carne:
2149 3829 2314 3921 'sunt

368 3979 629 4079 quibus
658 3975 921 4076 fructus
949 3999 1081 4082 pro
1100 3983 1375 4088 ‘pabulo-
1392 3977 1803 4080 habeantur‘:
1831 4003 1994 4058 sunt
2021 4003 2196 4081 quae
2225 3975 2310 4060 ex
