2917 4959
680 505 825 576 428
1207 497 2040 610 *ARISTOTELIS
2083 531 2094 538 ·

678 687 843 762 aeri.
946 679 1289 762 Remedio
1316 679 1692 755 adhibetur
1737 682 2304 782 percussionibus
2339 707 2410 760 et
2457 687 2672 762 eius-.

676 819 871 896 modi
928 844 1009 890 su
1012 815 1564 916 ppurationibus.
1699 815 2206 894 continuatum
2253 819 2430 896 huie
2474 822 2662 894 lini-
2717 913 2738 926 „

670 971 987 1028 mentum
1020 949 1403 1048 pissoceros
1444 949 1958 1048 (ceropieeum)
2007 975 2144 1048 est3
2193 955 2436 1028 minus
2481 954 2666 1030 odo·

672 1106 897 1160 ratum
914 1137 937 1177 ,
1032 1083 1411 1182 minusque
1481 1083 1724 1156 efficax
1789 1083 2376 1162 medicamentum
2431 1117 2666 1188 quam

666 1222 865 1323 mity.
938 1217 1171 1312 Aiunt
1212 1214 1506 1314 quidam
1524 1271 1546 1310 ,
1577 1218 1774 1292 fiieos
1809 1239 1878 1292 et
1923 1245 2046 1317 per
2097 1247 2171 1294 se
2214 1222 2404 1320 ipsos
2449 1223 2668 1298 fanos

666 1353 973 1432 eondere
1000 1355 1079 1427 in
1108 1350 1355 1426 eodem
1384 1353 1614 1446 alueo,
1663 1353 1840 1426 etin
1869 1353 2120 1428 eodem
2153 1355 2322 1430 fauo
2351 1360 2666 1452 (struen-

671 1489 809 1587 do)
842 1515 1127 1588 operam
1158 1513 1323 1560 cum
1356 1487 1604 1584 apibus
1637 1487 1914 1585 partiri:
1969 1515 2220 1562 verum
2249 1516 2398 1566 non
2425 1492 2660 1564 melli-

540 1619 547 1629 ’
670 1631 911 1717 ficare,
960 1620 1085 1694 sed
1128 1649 1341 1718 apum
1382 1645 1594 1720 opere
1635 1621 1732 1693 ali
1783 1643 1936 1694 tum
1980 1623 2166 1720 ipsos
2199 1645 2353 1698 tum
2401 1653 2651 1700 eorum

668 1759 996 1834 sobolem.
1098 1753 1391 1828 Manent
1408 1780 1658 1856 magna
1676 1759 2011 1854 temporis
2041 1778 2236 1854 parte
2261 1759 2450 1833 intus
2481 1759 2648 1834 fuci.

668 1891 821 1968 Vbi
860 1917 1029 1966 vero
1078 1890 1462 1986 euolnrint,
1557 1893 1858 1965 efferunt
1917 1917 2062 1964 sese
2107 1890 2322 1964 filsim
2367 1894 2651 1968 coelum

666 2053 946 2120 versus,
993 2045 1336 2102 versantes
1382 2051 1526 2098 sese
1572 2024 1652 2098 in
1689 2025 1934 2100 orbem
1948 2079 1970 2118 ,
2031 2052 2112 2098 ac
2151 2024 2350 2126 quasi
2389 2028 2654 2100 exerei-

670 2187 905 2241 tames.
1010 2162 1199 2235 Cum
1224 2159 1303 2232 id
1320 2159 1643 2254 fecerint,
1695 2187 1934 2232 rursus
1961 2159 2416 2259 ingredientes
2461 2188 2650 2259 epu-

664 2299 920 2372 lantur.
1022 2296 1249 2395 Reges
1278 2321 1427 2372 non
1475 2315 1729 2370 exeunt
1769 2295 1908 2368 nisi
1949 2315 2096 2369 toto
2141 2323 2308 2368 eum
2352 2296 2649 2394 popule,

662 2457 893 2530 neque
920 2431 996 2502 in
1026 2451 1297 2528 pastum
1316 2485 1338 2524 ,
1416 2457 1649 2530 neque
1681 2429 1832 2502 elia
1859 2428 1948 2504 de
1991 2455 2250 2504 caussa.
2341 2429 2649 2505 ·Fernnt

662 2563 909 2652 etiam,
942 2563 1120 2636 siah
1136 2587 1291 2662 rege
1322 2563 1817 2658 ahmauerint,
1833 2565 2240 2664 vestigantes
2265 2589 2646 2659 recurrere,

664 2724 884 2798 Vsque
930 2695 1107 2770 dum
1164 2695 1466 2772 odoratu
1514 2695 1765 2772 ducem
1805 2697 2225 2774 inuenerint.
2363 2699 2644 2776 Di‘citur

664 2833 873 2906 etiam
902 2805 1150 2930 gestet-i
1198 2835 1286 2904 ab
1319 2835 1624 2930 agmine,
1675 2859 1846 2907 cum
1891 2835 2128 2910 volare
2173 2834 2433 2936 nequit.
2533 2835 2640 2910 Eo

662 2985 945 3040 mortuo
980 2965 1171 3040 abire
1198 2991 1486 3066 agmen:
1523 2986 1644 3038 aut
1671 2966 1730 3038 si
1759 2967 2263 3069 aliquantisper
2293 2970 2642 3063 manserit,

663 3120 733 3174 et
764 3100 963 3174 fanos
998 3100 1319 3194 fecerint,
1372 3102 1449 3172 in
1475 3100 1645 3199 ipsis
1689 3101 1834 3174 mel
1874 3127 2021 3182 non
2073 3102 2339 3197 facere,
2393 3131 2648 3204 easque

564 3263 600 3324 7
659 3235 863 3346 breui
908 3233 1235 3338 disperdi.
1366 3234 1618 3312 Cel-am
1655 3237 2016 3336 excipiunt
2071 3266 2230 3339 apes
2287 3239 2644 3337 prioribus

658 3365 981 3470 pedibus,
1028 3372 1339 3468 germina
1365 3368 1600 3467 (flores
1639 3371 1892 3468 Gaza)
1910 3372 2221 3446 celeriter
2243 3397 2644 3472 perreptan·

662 3526 794 3598 tes,
848 3529 1107 3602 eosque
1146 3509 1545 3605 abstergunt
1573 3503 1823 3580 mediis
1839 3561 1860 3599 ‚
1915 3533 1955 3578 a
1981 3505 2238 3602 quibus
2275 3505 2640 3581 excutiunt

660 3640 739 3714 in
770 3659 1175 3713 curuaturas
1204 3639 1598 3735 (laminas)
1633 3662 2159 3740 postremorum.
2257 3638 2498 3738 Atque
2545 3640 2640 3716 ad

661 3774 857 3848 hunc
880 3772 1177 3847 modum
1203 3763 1522 3850 oneratae
1553 3777 1856 3868 auolant,
1895 3795 2106 3873 atque
2135 3801 2222 3850 eo
2252 3802 2464 3850 onere
2491 3803 2642 3848 ma·

660 3907 911 3985 nifesto
941 3908 1215 4008 grauari
1246 3903 1590 3984 videntur.
1691 3909 1962 3986 Eodem
1989 3911 2234 3987 volatu
2279 3939 2423 3988 non
2459 3912 2634 4009 petit

650 4071 697 4116 -a
702 4043 809 4143 pis
840 4041 1145 4123 diuersas
1180 4047 1437 4122 florum
1452 4043 1746 4143 species3
1795 4043 1918 4136 sed
1945 4044 2144 4136 verbi
2171 4047 2391 4145 gratia
2423 4074 2466 4120 a
2491 4047 2633 4124 vio·
