2917 4959
594 455 727 527 152
922 503 929 512 .
1128 449 1161 518 .‘
1192 443 1945 518 ARISTOTELIS

490 645 529 705 3
591 637 779 710 intra.
824 659 896 707 se
948 632 1203 704 cibum.
1302 630 1403 702 Ea
1420 649 1669 716 ¹autem
1713 627 1789 699 in
1833 619 2281 726 quibusdam
2304 621 2566 715 mollia,

588 771 665 842 in
692 769 845 841 aliis
880 765 1165 838 robusta
1191 757 1429 854 valde,
1482 783 1554 834 vt
1588 759 1963 860 purpuris:
2017 756 2253 828 tabani
2275 783 2568 856 quoque

590 927 796 1000 atque
836 897 995 972 asili
1040 890 1508 992 praeualidam
1549 921 1702 968 eam
1731 891 2024 984 habent,
2077 911 2148 964 et
2177 891 2318 966 alia-
2347 917 2572 989 paene

590 1034 913 1138 plurima.
1020 1028 1520 1126 Quaecunque
1543 1029 1736 1103 enim
1797 1023 1894 1098 ad
1945 1043 2366 1124 postremam
2423 1025 2574 1106 alui

590 1189 859 1270 partem
875 1165 1207 1272 ⁴aculeum
1250 1191 1399 1237 uon
1432 1183 1716 1261 gerunt,
1763 1159 1852 1231 iis
1885 1158 2060 1231 haec
2087 1185 2220 1257 pro
2243 1159 2386 1232 telo
2409 1157 2574 1235 data

600 1303 929 1380 omnibus
962 1319 1079 1372 est.
1166 1294 1409 1393 Atque
1440 1295 1617 1369 haee
1649 1293 1939 1394 quidem
1965 1291 2288 1366 dentibus
2315 1314 2575 1386 carent,

596 1459 875 1538 praeter
892 1459 1119 1534 pauca
1146 1429 1524 1530 quaedam:
1577 1430 1636 1500 si
1667 1427 1960 1528 quidem
1989 1407 2265 1502 muscae
2290 1453 2580 1526 quoque

598 1597 679 1648 ea
721 1569 1001 1642 admota
1044 1563 1447 1662 sanguinem
1497 1563 1682 1636 cient
1697 1617 1716 1656 ,
1797 1581 1866 1635 et
1913 1561 2172 1653 culices
2207 1559 2578 1659 (conopes)

500 1715 544 1776 4
599 1730 725 1775 aua
754 1721 1095 1800 pungunt.
1182 1699 1464 1770 Habent
1491 1695 1832 1795 quaedam
1865 1695 2186 1768 aculeum
2200 1749 2222 1787 ‚
2273 1721 2580 1793 eumque

602 1837 725 1910 aut
756 1836 831 1907 in
852 1861 924 1908 se
956 1831 1125 1931 ipsis
1156 1827 1520 1906 couditum
1537 1887 1559 1926 ,
1593 1851 1668 1908 vt
1699 1855 1858 1928 apes
1887 1849 1954 1902 et
1983 1855 2265 1927 vespae,
2301 1851 2422 1903 aut
2447 1857 2580 1904 ex-

603 1988 903 2061 tantem,
952 1987 1027 2042 vt
1056 1963 1395 2064 scorpius».
1493 1965 1566 2038 Is
1609 1964 1798 2038 solus
1843 1961 2262 2036 insectorum
2297 1963 2580 2059 longam

530 2125 561 2165 r
604 2095 817 2177 habet
862 2100 1192 2195 caudam3
1258 2101 1566 2198 itemque
1609 2095 1820 2197 pedes
1859 2099 2232 2195 forcipatos
2248 2150 2269 2188 ‚
2321 2122 2580 2193 quem-

609 2235 991 2310 admodum
1072 2235 1277 2320 etiam
1340 2232 1839 2331 soorpiunculo
1904 2229 2132 2304 simile
2197 2228 2540 2306 inseetum
2555 2285 2578 2324 ,

608 2367 803 2466 quod
852 2368 928 2438 in
977 2369 1177 2440 libris
1226 2368 1548 2441 nascitur.
1649 2366 1750 2437 Ea
1797 2392 1979 2463 quae
2023 2364 2336 2442 velum-ia
2351 2350 2368 2398 7
2381 2387 2580 2460 sunt,

606 2521 879 2599 praeter
909 2521 1165 2574 ceteras
1194 2521 1421 2599 partes
1450 2499 1590 2572 alas
1621 2525 1908 2596 quoque
1935 2499 2234 2596 habent3
2273 2527 2584 2599 quorum

608 2634 765 2707 aliis
794 2635 1001 2718 binae
1040 2655 1202 2707 sunt
1236 2633 1418 2725 alae,
1467 2653 1543 2708 vt
1589 2633 1885 2727 muscis;
1939 2631 2093 2705 aliis
2127 2655 2358 2708 autem
2399 2665 2584 2735 qua-

608 2789 841 2842 ternae
858 2823 880 2861 ‚
904 2789 1008 2844 .vt
1032 2767 1321 2866 apibus:
1364 2766 1552 2839 nulli
1579 2768 1768 2840 enim
1795 2767 2000 2842 binae
2035 2786 2332 2864 tantum,
2355 2767 2582 2868 -quod

610 2903 930 2975 aculeum
946 2923 1291 3001 postrema
1312 2899 1770 2976 aluo'habeat.
1807 2899 2272 2988 Quorundam
2293 2930 2582 3004 quoque

612 3036 761 3108 alae
794 3056 1123 3134 teguntur
1150 3034 1586 3109 munimento
1617 3033 1948 3132 quodam,
1969 3057 2046 3110 vt
2071 3036 2582 3116 melolomhae:

610 3168 746 3240 alia
778 3195 861 3242 eo
896 3190 1129 3243 carent
1146 3221 1167 3262 ,
1218 3187 1293 3244 vt
1318 3168 1488 3267 apis.
1549 3236 1556 3244 .
1589 3167 1798 3240 Nulli
1830 3167 1922 3241 ad
1951 3170 2336 3246 volandum
2365 3170 2592 3246 cauda.

610 3301 845 3374 officio
890 3323 1009 3376 est.
1111 3302 1249 3376 Ala
1282 3322 1514 3376 autem
1541 3300 1890 3376 eiusmodi
1915 3327 2014 3380 est
2031 3358 2054 3393 ‚
2103 3327 2178 3384 vt
2203 3279 2434 3403 {eque
2461 3325 2584 3378 tu·-

510 3453 550 3516 6
612 3433 724 3506 bis
766 3459 995 3534 neque
1042 3435 1377 3510 diuisui-is
1434 3455 1722 3510 constet.
1825 3438 2182 3514 Praeterea
2225 3434 2583 3510 dornicula

607 3595 773 3667 prae
814 3571 1037 3644 oculis
1050 3625 1072 3664 ‚
1122 3593 1197 3646 vt
1228 3557 1620 3670 papilioues
1655 3595 1724 3648 et
1751 3573 2004 3648 carabi.
2111 3573 2308 3658 Quae
2341 3569 2432 3644 ad
2465 3598 2584 3644 sa·-

611 3701 929 3778 liendum
958 3725 1123 3780 sunt
1154 3705 1462 3804 instituta
1483 3761 1504 3802 ,
1557 3707 1642 3780 iis
1669 3721 1880 3790 crura
1903 3706 2287 3803 posteriora
2315 3707 2592 3788 maiora.

607 3859 767 3911 aunt
784 3893 804 3931 ‚
858 3859 1066 3938 atque
1094 3839 1245 3938 ipsa
1277 3860 1656 3937 postrema,
1707 3839 1966 3937 quihus
1995 3842 2259 3916 saliunt
2275 3895 2297 3934 ,
2349 3861 2586 3947 retro-

560 3951 567 3958 ⁴
608 3973 819 4064 flexa,
856 3971 1449 4071 quemadmodum
1485 3992 1552 4046 et
1573 3971 2165 4075 quadrupedibus.
2238 3973 2590 4082 Omnium.
