2917 4959
765 477 907 545 DE
975 477 1455 550 ANIMAL.
1525 485 1800 554 HIST.
1870 491 1952 557 Π.
2032 501 2092 566 3.
2321 513 2408 582 51

536 661 766 736 CAP.
818 661 948 734 III.
1012 661 1253 761 (vulgo
1297 663 1532 738 adhuc
1581 667 1636 738 Ι.
1689 669 2045 773 Scaligero
2083 681 2312 794 VIII.)

582 797 873 873 Ceterae
907 799 1288 872 animantes
1322 825 1489 872 cum
1525 807 2072 890 mammillarum
2103 841 2257 894 tum
2287 854 2414 900 eo-

430 961 589 1007 rum
637 937 1153 1028 membrorum,
1210 961 1391 1033 quae
1426 935 1518 1009 ad
1561 941 1830 1014 veneris
1863 973 2062 1024 vsum
2113 981 2408 1060 compa-

422 1079 571 1142 ra'ta
619 1084 819 1162 sunt,
872 1069 1213 1143 rationem
1248 1096 1393 1144 non
1430 1072 1664 1147 solum
1711 1078 1892 1154 inter
1932 1077 2005 1157 se
2055 1087 2404 1169 diuersam

420 1202 601 1303 ipsa,
629 1201 759 1276 sed
792 1203 1000 1276 etiam
1029 1231 1195 1276 eum
1220 1203 1508 1282 homine
1530 1209 1590 1280 si
1617 1213 2087 1314 conferantur,
2117 1221 2396 1302 habent.

424 1336 884 1424 Quibusdam
908 1338 1099 1411 enim
1126 1360 1245 1411 aut
1270 1339 1342 1412 in
1368 1343 1662 1440 pectoris
1683 1371 1881 1445 parte
1909 1347 2250 1433 anteriore
2277 1385 2398 1438 aut

428 1471 815 1546 secundum
846 1493 1089 1571 pectus
1118 1479 1458 1549 mammae
1474 1479 1642 1552 sitae
1664 1506 1826 1558 sunt
1842 1485 2043 1583 duae,
2079 1491 2394 1598 duaeque

413 1605 749 1706 papillae,
788 1627 963 1706 quot
992 1627 1059 1682 et
1083 1604 1387 1702 homini,
1422 1631 1600 1712 quot
1627 1633 1694 1688 et
1719 1619 2116 1720 elephanto,
2150 1659 2392 1731 quem-
2423 1617 2460 1652 ”

408 1741 799 1816 admodum
827 1768 1039 1841 supra
1074 1767 1365 1842 quoque
1394 1742 1663 1822 dictum
1699 1773 1816 1826 est.
1933 1757 2165 1838 Habet
2199 1769 2387 1844 enim
2453 1761 2460 1766 Δ

408 1875 817 1976 elephantus
843 1903 1181 1950 mammas
1213 1875 1389 1951 duas
1422 1878 1514 1952 ad
1539 1881 1800 1960 axillas,
1871 1993 1876 2000 .
1909 1891 2108 1980 Quae
2137 1899 2386 1976 etiam...

406 2034 581 2088 num
612 2012 744 2112 ipsi
768 2011 1069 2088 feminae
1098 2013 1528 2112 perpusillae
1544 2039 1740 2113 sunt,
1789 2023 1847 2094 si
1879 2033 2196 2128 corporis
2221 2064 2386 2136 spe-

400 2169 541 2224 ctes
574 2145 1171 2247 magnitudinem,
1241 2148 1417 2224 adeo
1444 2177 1652 2246 vero,
1701 2177 1774 2230 vt
1815 2185 1898 2232 ex
1935 2167 2231 2265 obliquo
2265 2174 2382 2247 vix
2465 2165 2478 2180 ³

405 2281 639 2355 oculis
672 2279 1107 2380 deprehendi
1140 2284 1417 2380 possint.
1511 2285 1697 2360 Vrsa
1727 2311 1959 2368 autem
1989 2317 2375 2396 quaternas.
2430 2329 2438 2341 ·

408 2410 779 2500 Quaedam
813 2413 959 2489 duo
990 2413 1311 2491 habent
1288 2443 1363 2490 111
1391 2419 1771 2497 feminibus
1801 2429 2009 2504 vbera
2045 2436 2474 2521 totidem-2

403 2574 549 2650 que
578 2545 913 2650 papillaS,
964 2572 1038 2627 vt
1080 2552 1254 2628 ouis.
1362 2554 1729 2644 Quaedam
1761 2566 2060 2701 papillas
2086 2583 2376 2670 quater-

393 2707 554 2779 nar»,
636 2684 857 2760 veluti
906 2713 1129 2762 vacca.
1232 2687 1649 2770 Nonnullae
1697 2693 1926 2796 neque
1964 2703 2040 2774 in
2093 2728 2376 2802 pectore

394 2843 629 2920 neque
660 2819 737 2893 in
773 2813 1193 2917 feminibus,
1244 2823 1421 2904 sed
1398 2853 1479 2899 m
1512 2847 1780 2927 ventre,
1833 2860 2084 2936 easque
2112 2841 2370 2939 plures,

392 2977 625 3055 neque
685 2979 929 3029 omnes
978 2955 1335 3056 aequales3
1415 2983 1492 3036 vt
1539 2965 1726 3038 canis
1771 2989 1836 3041 et
1884 2997 2018 3044 sus.
2121 2975 2370 3050 Plures

402 3087 615 3186 igitur
642 3115 976 3164 mammas
1011 3091 1227 3166 aliae.
1280 3117 1350 3168 at
1380 3095 1719 3194 panthera
1754 3095 2146 3205 (pardalis)
2183 3139 2367 3209 quaa.

400 3235 603 3316 tuor,
650 3217 881 3298 leaena
912 3225 1122 3322 duas;
1172 3249 1468 3329 Vtraque
1499 3233 1572 3305 in
1603 3245 1862 3311 ventre.
1933 3237 2112 3314 Sunt
2144 3225 2211 3317 et
2240 3275 2366 3319 ca·-

384 3359 578 3433 melo
621 3350 802 3434 duae
844 3385 1216 3456 mammae,
1286 3362 1592 3465 papillae
1631 3375 1963 3468 quatuor,
2017 3379 2362 3478 quemad-

379 3492 684 3569 modum
730 3515 797 3570 et
838 3519 1103 3571 vaccae.
1208 3481 1490 3586 Quibus
1537 3525 1635 3577 est
1663 3507 1918 3604 vngula
1969 3513 2232 3606 solida,
2283 3517 2360 3586 in

378 3621 469 3702 iis
500 3649 729 3703 mares
754 3631 1057 3730 papillas
1087 3627 1349 3707 hahent
1372 3633 1637 3730 nullas,
1691 3641 1826 3713 nisi
1857 3645 1916 3717 si
1932 3647 2080 3744 ‘qui
2110 3646 2359 3719 matri—

383 3761 521 3832 bus
565 3760 822 3837 similes
872 3766 1257 3842 extiterint:
1325 3768 1401 3842 id
1436 3755 1632 3871 quod
1677 3803 2024 3875 equorum
2069 3799 2358 3852 naturae

389 3893 701 3992 contigit.
754 3894 979 3998 [Cap.
1031 3899 1165 3975 IX.
1210 3894 1640 4006 Scaligero.]
1687 3893 2356 4003 Maribus’genitale

384 4027 785 4104 n‘iembmm
825 4032 1252 4133 quibusdam
1294 4035 1510 4131 extat,
1565 4061 1639 4112 vt
1673 4041 1949 4116 homini
1985 4053 2052 4115 et
2081 4051 2262 4142 equo
2286 4068 2354 4152 ‘et

1446 4175 1516 4244 D
1571 4197 1612 4242 2
