<?xml version="1.0" encoding="UTF-8"?>
<!DOCTYPE html PUBLIC "-//W3C//DTD XHTML 1.0 Transitional//EN"
    "http://www.w3.org/TR/xhtml1/DTD/xhtml1-transitional.dtd">
<html xmlns="http://www.w3.org/1999/xhtml" xml:lang="en" lang="en">
 <head>
  <title>
</title>
<meta http-equiv="Content-Type" content="text/html;charset=utf-8" />
  <meta name='ocr-system' content='tesseract 3.04.00' />
  <meta name='ocr-capabilities' content='ocr_page ocr_carea ocr_par ocr_line ocrx_word'/>
</head>
<body>
  <div class='ocr_page' id='page_1' title='image "aristotelisdean02schngoog_0031.png"; bbox 0 0 2917 4959; ppageno 0'>
   <div class='ocr_carea' id='block_1_1' title="bbox 676 468 2292 570">
    <p class='ocr_par' dir='ltr' id='par_1_1' title="bbox 676 468 2292 570">
     <span class='ocr_line' id='line_1_1' title="bbox 676 468 2292 570; baseline 0.006 -30"><span class='ocrx_word' id='word_1_1' title='bbox 676 472 823 540; x_wconf 77' lang='lat' dir='ltr'><strong>DE</strong></span> <span class='ocrx_word' id='word_1_2' title='bbox 885 468 1381 542; x_wconf 81' lang='lat' dir='ltr'>ANIMAL.</span> <span class='ocrx_word' id='word_1_3' title='bbox 1444 469 1734 540; x_wconf 72' lang='lat' dir='ltr'><strong>ms‘r.</strong></span> <span class='ocrx_word' id='word_1_4' title='bbox 1785 475 1838 570; x_wconf 75' lang='lat'><strong>1:</strong></span> <span class='ocrx_word' id='word_1_5' title='bbox 1891 475 1960 544; x_wconf 84' lang='lat'><strong>6.</strong></span> <span class='ocrx_word' id='word_1_6' title='bbox 2205 499 2292 550; x_wconf 64' lang='grc' dir='ltr'><strong>,ι</strong></span> 
     </span>
    </p>
   </div>
   <div class='ocr_carea' id='block_1_2' title="bbox 302 651 2299 4106">
    <p class='ocr_par' dir='ltr' id='par_1_2' title="bbox 302 651 2299 4106">
     <span class='ocr_line' id='line_1_2' title="bbox 327 651 2299 759; baseline 0.002 -31"><span class='ocrx_word' id='word_1_7' title='bbox 327 651 863 759; x_wconf 70' lang='lat' dir='ltr'><strong>intelligeretur:</strong></span> <span class='ocrx_word' id='word_1_8' title='bbox 930 673 1165 753; x_wconf 84' lang='lat' dir='ltr'><strong>postea</strong></span> <span class='ocrx_word' id='word_1_9' title='bbox 1236 679 1401 730; x_wconf 82' lang='lat' dir='ltr'><strong>vero</strong></span> <span class='ocrx_word' id='word_1_10' title='bbox 1466 655 1850 730; x_wconf 72' lang='lat' dir='ltr'>accuratius</span> <span class='ocrx_word' id='word_1_11' title='bbox 1913 653 2004 730; x_wconf 83' lang='lat' dir='ltr'><strong>de</strong></span> <span class='ocrx_word' id='word_1_12' title='bbox 2055 657 2299 736; x_wconf 78' lang='lat' dir='ltr'><strong>iisdem</strong></span> 
     </span>
     <span class='ocr_line' id='line_1_3' title="bbox 321 786 2298 890; baseline 0.003 -30"><span class='ocrx_word' id='word_1_13' title='bbox 321 786 770 882; x_wconf 82' lang='lat' dir='ltr'><strong>disseremus3</strong></span> <span class='ocrx_word' id='word_1_14' title='bbox 822 810 897 862; x_wconf 85' lang='lat' dir='ltr'><strong>vt</strong></span> <span class='ocrx_word' id='word_1_15' title='bbox 940 790 1255 889; x_wconf 85' lang='lat' dir='ltr'><strong>primum</strong></span> <span class='ocrx_word' id='word_1_16' title='bbox 1305 815 1457 881; x_wconf 88' lang='lat' dir='ltr'><strong>eas,</strong></span> <span class='ocrx_word' id='word_1_17' title='bbox 1509 817 1692 888; x_wconf 87' lang='lat' dir='ltr'><strong>quae</strong></span> <span class='ocrx_word' id='word_1_18' title='bbox 1739 793 1988 863; x_wconf 80' lang='lat' dir='ltr'><strong>natura</strong></span> <span class='ocrx_word' id='word_1_19' title='bbox 2037 791 2298 890; x_wconf 75' lang='lat' dir='ltr'><strong>insunt,</strong></span> 
     </span>
     <span class='ocr_line' id='line_1_4' title="bbox 316 921 2296 1028; baseline 0.003 -34"><span class='ocrx_word' id='word_1_20' title='bbox 316 921 737 996; x_wconf 84' lang='lat' dir='ltr'><strong>differentias</strong></span> <span class='ocrx_word' id='word_1_21' title='bbox 750 943 797 1013; x_wconf 89' lang='lat'><strong>‚·</strong></span> <span class='ocrx_word' id='word_1_22' title='bbox 862 949 1115 1024; x_wconf 85' lang='lat' dir='ltr'><strong>easque</strong></span> <span class='ocrx_word' id='word_1_23' title='bbox 1133 977 1157 1016; x_wconf 87' lang='lat'>‚</span> <span class='ocrx_word' id='word_1_24' title='bbox 1242 949 1421 1022; x_wconf 87' lang='lat' dir='ltr'><strong>quae</strong></span> <span class='ocrx_word' id='word_1_25' title='bbox 1473 921 1803 1028; x_wconf 79' lang='lat' dir='ltr'><strong>omnibus</strong></span> <span class='ocrx_word' id='word_1_26' title='bbox 1846 924 2261 1022; x_wconf 87' lang='lat' dir='ltr'><strong>contingunt</strong></span> <span class='ocrx_word' id='word_1_27' title='bbox 2274 983 2296 1022; x_wconf 92' lang='lat'>,</span> 
     </span>
     <span class='ocr_line' id='line_1_5' title="bbox 312 1055 2294 1155; baseline 0.003 -27"><span class='ocrx_word' id='word_1_28' title='bbox 312 1057 709 1130; x_wconf 68' lang='lat' dir='ltr'><strong>affectiones</strong></span> <span class='ocrx_word' id='word_1_29' title='bbox 739 1055 1183 1155; x_wconf 76' lang='lat' dir='ltr'><strong>accipiamus.</strong></span> <span class='ocrx_word' id='word_1_30' title='bbox 1283 1055 1562 1130; x_wconf 83' lang='lat' dir='ltr'><strong>Deinde</strong></span> <span class='ocrx_word' id='word_1_31' title='bbox 1588 1056 1847 1131; x_wconf 82' lang='lat' dir='ltr'><strong>horum</strong></span> <span class='ocrx_word' id='word_1_32' title='bbox 1872 1083 2142 1132; x_wconf 76' lang='lat' dir='ltr'>caussas</span> <span class='ocrx_word' id='word_1_33' title='bbox 2173 1061 2294 1135; x_wconf 89' lang='lat' dir='ltr'><strong>in—</strong></span> 
     </span>
     <span class='ocr_line' id='line_1_6' title="bbox 312 1190 2290 1290; baseline 0.001 -26"><span class='ocrx_word' id='word_1_34' title='bbox 312 1191 647 1290; x_wconf 78' lang='lat' dir='ltr'><strong>vestigare</strong></span> <span class='ocrx_word' id='word_1_35' title='bbox 679 1190 1113 1263; x_wconf 73' lang='lat' dir='ltr'><strong>conabimur.</strong></span> <span class='ocrx_word' id='word_1_36' title='bbox 1183 1190 1305 1264; x_wconf 91' lang='lat' dir='ltr'><strong>Sic</strong></span> <span class='ocrx_word' id='word_1_37' title='bbox 1350 1192 1538 1266; x_wconf 89' lang='lat' dir='ltr'><strong>enim</strong></span> <span class='ocrx_word' id='word_1_38' title='bbox 1570 1190 1748 1264; x_wconf 90' lang='lat' dir='ltr'><strong>effici</strong></span> <span class='ocrx_word' id='word_1_39' title='bbox 1779 1211 2036 1290; x_wconf 81' lang='lat' dir='ltr'><strong>potest,</strong></span> <span class='ocrx_word' id='word_1_40' title='bbox 2073 1213 2149 1268; x_wconf 83' lang='lat' dir='ltr'><strong>vt</strong></span> <span class='ocrx_word' id='word_1_41' title='bbox 2175 1194 2290 1266; x_wconf 81' lang='lat' dir='ltr'><strong>via</strong></span> 
     </span>
     <span class='ocr_line' id='line_1_7' title="bbox 310 1321 2292 1424; baseline 0.003 -28"><span class='ocrx_word' id='word_1_42' title='bbox 310 1326 729 1422; x_wconf 77' lang='lat' dir='ltr'><strong>rationeque</strong></span> <span class='ocrx_word' id='word_1_43' title='bbox 777 1321 1077 1397; x_wconf 74' lang='lat' dir='ltr'><strong>docendi</strong></span> <span class='ocrx_word' id='word_1_44' title='bbox 1113 1347 1390 1400; x_wconf 87' lang='lat' dir='ltr'><strong>vtamur</strong></span> <span class='ocrx_word' id='word_1_45' title='bbox 1419 1347 1706 1400; x_wconf 81' lang='lat' dir='ltr'><strong>naturae</strong></span> <span class='ocrx_word' id='word_1_46' title='bbox 1733 1352 2039 1424; x_wconf 85' lang='lat' dir='ltr'><strong>congrua</strong></span> <span class='ocrx_word' id='word_1_47' title='bbox 2057 1380 2076 1418; x_wconf 90' lang='lat'>,</span> <span class='ocrx_word' id='word_1_48' title='bbox 2127 1353 2292 1402; x_wconf 88' lang='lat' dir='ltr'><strong>cum</strong></span> 
     </span>
     <span class='ocr_line' id='line_1_8' title="bbox 313 1457 2290 1556; baseline 0.002 -26"><span class='ocrx_word' id='word_1_49' title='bbox 313 1459 571 1530; x_wconf 83' lang='lat' dir='ltr'><strong>notitia</strong></span> <span class='ocrx_word' id='word_1_50' title='bbox 600 1457 1033 1556; x_wconf 86' lang='lat' dir='ltr'><strong>singulorum</strong></span> <span class='ocrx_word' id='word_1_51' title='bbox 1064 1461 1513 1534; x_wconf 71' lang='lat' dir='ltr'><strong>antecesserit.</strong></span> <span class='ocrx_word' id='word_1_52' title='bbox 1615 1459 1810 1532; x_wconf 89' lang='lat' dir='ltr'><strong>Hinc</strong></span> <span class='ocrx_word' id='word_1_53' title='bbox 1839 1457 2030 1532; x_wconf 89' lang='lat' dir='ltr'><strong>enim</strong></span> <span class='ocrx_word' id='word_1_54' title='bbox 2058 1461 2290 1533; x_wconf 89' lang='lat' dir='ltr'><strong>mani·-</strong></span> 
     </span>
     <span class='ocr_line' id='line_1_9' title="bbox 310 1584 2290 1697; baseline 0.002 -33"><span class='ocrx_word' id='word_1_55' title='bbox 310 1591 489 1665; x_wconf 81' lang='lat' dir='ltr'><strong>festo</strong></span> <span class='ocrx_word' id='word_1_56' title='bbox 516 1584 949 1692; x_wconf 80' lang='lat' dir='ltr'><strong>intelligitur,</strong></span> <span class='ocrx_word' id='word_1_57' title='bbox 997 1592 1429 1693; x_wconf 77' lang='lat' dir='ltr'><strong>quibusnam</strong></span> <span class='ocrx_word' id='word_1_58' title='bbox 1458 1591 1549 1666; x_wconf 89' lang='lat' dir='ltr'><strong>de</strong></span> <span class='ocrx_word' id='word_1_59' title='bbox 1579 1591 1788 1664; x_wconf 79' lang='lat' dir='ltr'><strong>rebus</strong></span> <span class='ocrx_word' id='word_1_60' title='bbox 1819 1613 1888 1666; x_wconf 90' lang='lat' dir='ltr'><strong>et</strong></span> <span class='ocrx_word' id='word_1_61' title='bbox 1919 1619 2000 1668; x_wconf 85' lang='lat' dir='ltr'><strong>ex</strong></span> <span class='ocrx_word' id='word_1_62' title='bbox 2028 1595 2290 1697; x_wconf 85' lang='lat' dir='ltr'><strong>quibus</strong></span> 
     </span>
     <span class='ocr_line' id='line_1_10' title="bbox 306 1723 2280 1827; baseline 0.002 -27"><span class='ocrx_word' id='word_1_63' title='bbox 306 1727 463 1800; x_wconf 84' lang='lat' dir='ltr'><strong>fieri</strong></span> <span class='ocrx_word' id='word_1_64' title='bbox 510 1745 824 1826; x_wconf 83' lang='lat' dir='ltr'><strong>oporteat</strong></span> <span class='ocrx_word' id='word_1_65' title='bbox 866 1723 1576 1803; x_wconf 75' lang='lat' dir='ltr'><strong>demonstrationem·</strong></span> <span class='ocrx_word' id='word_1_66' title='bbox 1655 1725 1936 1814; x_wconf 72' lang='lat' dir='ltr'><strong>Quibus</strong></span> <span class='ocrx_word' id='word_1_67' title='bbox 1985 1729 2198 1827; x_wconf 87' lang='lat' dir='ltr'><strong>igitur</strong></span> <span class='ocrx_word' id='word_1_68' title='bbox 2239 1757 2280 1803; x_wconf 86' lang='lat' dir='ltr'><strong>e</strong></span> 
     </span>
     <span class='ocr_line' id='line_1_11' title="bbox 308 1838 2284 1964; baseline 0.001 -30"><span class='ocrx_word' id='word_1_69' title='bbox 308 1862 627 1962; x_wconf 82' lang='lat' dir='ltr'><strong>partibus</strong></span> <span class='ocrx_word' id='word_1_70' title='bbox 666 1861 991 1936; x_wconf 84' lang='lat' dir='ltr'><strong>animalia</strong></span> <span class='ocrx_word' id='word_1_71' title='bbox 1031 1861 1183 1960; x_wconf 85' lang='lat' dir='ltr'><strong>ipsa</strong></span> <span class='ocrx_word' id='word_1_72' title='bbox 1214 1881 1361 1934; x_wconf 88' lang='lat' dir='ltr'><strong>tota</strong></span> <span class='ocrx_word' id='word_1_73' title='bbox 1388 1859 1928 1955; x_wconf 80' lang='lat' dir='ltr'><strong>constituuntur,</strong></span> <span class='ocrx_word' id='word_1_74' title='bbox 1981 1889 2098 1936; x_wconf 88' lang='lat' dir='ltr'><strong>eae</strong></span> <span class='ocrx_word' id='word_1_75' title='bbox 2125 1838 2284 1964; x_wconf 46' lang='lat' dir='ltr'><strong>priss</strong></span> 
     </span>
     <span class='ocr_line' id='line_1_12' title="bbox 307 1994 2284 2094; baseline 0.002 -26"><span class='ocrx_word' id='word_1_76' title='bbox 307 2023 513 2068; x_wconf 88' lang='lat' dir='ltr'><strong>mum</strong></span> <span class='ocrx_word' id='word_1_77' title='bbox 560 1994 929 2094; x_wconf 83' lang='lat' dir='ltr'><strong>capiendae</strong></span> <span class='ocrx_word' id='word_1_78' title='bbox 973 2015 1169 2068; x_wconf 86' lang='lat' dir='ltr'><strong>suut:</strong></span> <span class='ocrx_word' id='word_1_79' title='bbox 1249 2015 1622 2094; x_wconf 85' lang='lat' dir='ltr'><strong>propterea</strong></span> <span class='ocrx_word' id='word_1_80' title='bbox 1660 1994 1856 2094; x_wconf 88' lang='lat' dir='ltr'><strong>quod</strong></span> <span class='ocrx_word' id='word_1_81' title='bbox 1902 1996 2284 2071; x_wconf 87' lang='lat' dir='ltr'><strong>secundum</strong></span> 
     </span>
     <span class='ocr_line' id='line_1_13' title="bbox 304 2127 2282 2228; baseline 0.001 -27"><span class='ocrx_word' id='word_1_82' title='bbox 304 2127 433 2203; x_wconf 85' lang='lat' dir='ltr'><strong>has</strong></span> <span class='ocrx_word' id='word_1_83' title='bbox 477 2131 661 2204; x_wconf 87' lang='lat' dir='ltr'><strong>inter</strong></span> <span class='ocrx_word' id='word_1_84' title='bbox 704 2156 779 2204; x_wconf 88' lang='lat' dir='ltr'><strong>se</strong></span> <span class='ocrx_word' id='word_1_85' title='bbox 826 2152 893 2204; x_wconf 89' lang='lat' dir='ltr'><strong>et</strong></span> <span class='ocrx_word' id='word_1_86' title='bbox 934 2129 1239 2202; x_wconf 85' lang='lat' dir='ltr'><strong>maxime</strong></span> <span class='ocrx_word' id='word_1_87' title='bbox 1280 2149 1349 2201; x_wconf 86' lang='lat' dir='ltr'><strong>et</strong></span> <span class='ocrx_word' id='word_1_88' title='bbox 1393 2128 1709 2228; x_wconf 89' lang='lat' dir='ltr'><strong>primum</strong></span> <span class='ocrx_word' id='word_1_89' title='bbox 1753 2127 2121 2224; x_wconf 85' lang='lat' dir='ltr'><strong>differunt,</strong></span> <span class='ocrx_word' id='word_1_90' title='bbox 2151 2132 2282 2224; x_wconf 75' lang='lat' dir='ltr'><strong>iis,</strong></span> 
     </span>
     <span class='ocr_line' id='line_1_14' title="bbox 310 2241 2284 2366; baseline 0.001 -32"><span class='ocrx_word' id='word_1_91' title='bbox 310 2265 577 2362; x_wconf 54' lang='lat' dir='ltr'><strong>quibus</strong></span> <span class='ocrx_word' id='word_1_92' title='bbox 604 2263 953 2354; x_wconf 54' lang='lat' dir='ltr'><strong>diximus,</strong></span> <span class='ocrx_word' id='word_1_93' title='bbox 1000 2259 1252 2334; x_wconf 67' lang='lat' dir='ltr'><strong>modis.</strong></span> <span class='ocrx_word' id='word_1_94' title='bbox 1320 2260 1607 2360; x_wconf 80' lang='lat' dir='ltr'><strong>Quippe</strong></span> <span class='ocrx_word' id='word_1_95' title='bbox 1639 2261 1778 2334; x_wconf 69' lang='lat' dir='ltr'><strong>alia</strong></span> <span class='ocrx_word' id='word_1_96' title='bbox 1815 2261 2114 2366; x_wconf 65' lang='lat' dir='ltr'><strong>bahem,</strong></span> <span class='ocrx_word' id='word_1_97' title='bbox 2147 2241 2284 2335; x_wconf 67' lang='lat' dir='ltr'><strong>alia‘</strong></span> 
     </span>
     <span class='ocr_line' id='line_1_15' title="bbox 313 2391 2284 2488; baseline 0.002 -18"><span class='ocrx_word' id='word_1_98' title='bbox 313 2418 441 2470; x_wconf 90' lang='lat' dir='ltr'><strong>aut</strong></span> <span class='ocrx_word' id='word_1_99' title='bbox 466 2423 611 2472; x_wconf 88' lang='lat' dir='ltr'><strong>non</strong></span> <span class='ocrx_word' id='word_1_100' title='bbox 641 2395 936 2488; x_wconf 84' lang='lat' dir='ltr'><strong>habent,</strong></span> <span class='ocrx_word' id='word_1_101' title='bbox 986 2414 1109 2466; x_wconf 88' lang='lat' dir='ltr'><strong>aut</strong></span> <span class='ocrx_word' id='word_1_102' title='bbox 1138 2420 1285 2467; x_wconf 87' lang='lat' dir='ltr'><strong>non</strong></span> <span class='ocrx_word' id='word_1_103' title='bbox 1313 2391 1556 2468; x_wconf 85' lang='lat' dir='ltr'><strong>eodem</strong></span> <span class='ocrx_word' id='word_1_104' title='bbox 1603 2395 1744 2468; x_wconf 87' lang='lat' dir='ltr'><strong>situ</strong></span> <span class='ocrx_word' id='word_1_105' title='bbox 1765 2451 1786 2488; x_wconf 92' lang='lat'>,</span> <span class='ocrx_word' id='word_1_106' title='bbox 1833 2417 1954 2470; x_wconf 84' lang='lat' dir='ltr'><strong>aut</strong></span> <span class='ocrx_word' id='word_1_107' title='bbox 1985 2425 2128 2472; x_wconf 88' lang='lat' dir='ltr'><strong>non</strong></span> <span class='ocrx_word' id='word_1_108' title='bbox 2143 2397 2284 2472; x_wconf 71' lang='lat' dir='ltr'><strong>Teo-</strong></span> 
     </span>
     <span class='ocr_line' id='line_1_16' title="bbox 308 2506 2281 2628; baseline -0.001 -22"><span class='ocrx_word' id='word_1_109' title='bbox 308 2506 473 2606; x_wconf 84' lang='lat' dir='ltr'><strong>dem</strong></span> <span class='ocrx_word' id='word_1_110' title='bbox 500 2529 783 2628; x_wconf 82' lang='lat' dir='ltr'><strong>ordine,</strong></span> <span class='ocrx_word' id='word_1_111' title='bbox 819 2551 941 2604; x_wconf 87' lang='lat' dir='ltr'><strong>aut</strong></span> <span class='ocrx_word' id='word_1_112' title='bbox 968 2555 1113 2604; x_wconf 91' lang='lat' dir='ltr'><strong>non</strong></span> <span class='ocrx_word' id='word_1_113' title='bbox 1148 2527 1393 2602; x_wconf 85' lang='lat' dir='ltr'><strong>eadem</strong></span> <span class='ocrx_word' id='word_1_114' title='bbox 1422 2529 1682 2626; x_wconf 86' lang='lat' dir='ltr'><strong>specie,</strong></span> <span class='ocrx_word' id='word_1_115' title='bbox 1717 2553 1834 2604; x_wconf 88' lang='lat' dir='ltr'><strong>aut</strong></span> <span class='ocrx_word' id='word_1_116' title='bbox 1866 2560 2012 2607; x_wconf 88' lang='lat' dir='ltr'><strong>non</strong></span> <span class='ocrx_word' id='word_1_117' title='bbox 2039 2530 2281 2607; x_wconf 89' lang='lat' dir='ltr'><strong>eadem</strong></span> 
     </span>
     <span class='ocr_line' id='line_1_17' title="bbox 309 2663 2282 2768; baseline -0.001 -29"><span class='ocrx_word' id='word_1_118' title='bbox 309 2665 724 2768; x_wconf 84' lang='lat' dir='ltr'><strong>quantitate:</strong></span> <span class='ocrx_word' id='word_1_119' title='bbox 794 2684 915 2737; x_wconf 84' lang='lat' dir='ltr'><strong>aut</strong></span> <span class='ocrx_word' id='word_1_120' title='bbox 960 2664 1129 2762; x_wconf 86' lang='lat' dir='ltr'><strong>qnia</strong></span> <span class='ocrx_word' id='word_1_121' title='bbox 1164 2690 1409 2737; x_wconf 90' lang='lat' dir='ltr'><strong>earum</strong></span> <span class='ocrx_word' id='word_1_122' title='bbox 1442 2663 1596 2738; x_wconf 85' lang='lat' dir='ltr'><strong>vioe</strong></span> <span class='ocrx_word' id='word_1_123' title='bbox 1627 2666 1796 2740; x_wconf 87' lang='lat' dir='ltr'><strong>alias</strong></span> <span class='ocrx_word' id='word_1_124' title='bbox 1827 2687 2108 2766; x_wconf 83' lang='lat' dir='ltr'><strong>gerunt,</strong></span> <span class='ocrx_word' id='word_1_125' title='bbox 2161 2685 2282 2738; x_wconf 89' lang='lat' dir='ltr'><strong>aut</strong></span> 
     </span>
     <span class='ocr_line' id='line_1_18' title="bbox 304 2794 2276 2898; baseline -0.004 -22"><span class='ocrx_word' id='word_1_126' title='bbox 304 2800 671 2878; x_wconf 71' lang='lat' dir='ltr'><strong>contrariis</strong></span> <span class='ocrx_word' id='word_1_127' title='bbox 756 2794 1103 2898; x_wconf 80' lang='lat' dir='ltr'><strong>praeditas</strong></span> <span class='ocrx_word' id='word_1_128' title='bbox 1190 2795 1669 2896; x_wconf 83' lang='lat' dir='ltr'><strong>qualitatibus.</strong></span> <span class='ocrx_word' id='word_1_129' title='bbox 1787 2794 2276 2898; x_wconf 86' lang='lat' dir='ltr'><strong>Incipiendum</strong></span> 
     </span>
     <span class='ocr_line' id='line_1_19' title="bbox 302 2931 2275 3036; baseline -0.002 -29"><span class='ocrx_word' id='word_1_130' title='bbox 302 2938 519 3036; x_wconf 82' lang='lat' dir='ltr'><strong>igitur</strong></span> <span class='ocrx_word' id='word_1_131' title='bbox 548 2935 637 3020; x_wconf 85' lang='lat' dir='ltr'><strong>ab</strong></span> <span class='ocrx_word' id='word_1_132' title='bbox 666 2932 979 3006; x_wconf 80' lang='lat' dir='ltr'><strong>hominis</strong></span> <span class='ocrx_word' id='word_1_133' title='bbox 1008 2931 1325 3030; x_wconf 84' lang='lat' dir='ltr'><strong>partibus</strong></span> <span class='ocrx_word' id='word_1_134' title='bbox 1352 2950 1472 3004; x_wconf 82' lang='lat' dir='ltr'><strong>est.</strong></span> <span class='ocrx_word' id='word_1_135' title='bbox 1591 2931 1779 3007; x_wconf 88' lang='lat' dir='ltr'><strong>Nam</strong></span> <span class='ocrx_word' id='word_1_136' title='bbox 1807 2931 2275 3033; x_wconf 80' lang='lat' dir='ltr'><strong>quemadmo-</strong></span> 
     </span>
     <span class='ocr_line' id='line_1_20' title="bbox 313 3065 2276 3166; baseline -0.003 -24"><span class='ocrx_word' id='word_1_137' title='bbox 313 3068 487 3142; x_wconf 87' lang='lat' dir='ltr'><strong>dum</strong></span> <span class='ocrx_word' id='word_1_138' title='bbox 529 3093 781 3142; x_wconf 87' lang='lat' dir='ltr'><strong>numos</strong></span> <span class='ocrx_word' id='word_1_139' title='bbox 820 3065 1263 3166; x_wconf 77' lang='lat' dir='ltr'><strong>exploramus</strong></span> <span class='ocrx_word' id='word_1_140' title='bbox 1282 3119 1304 3160; x_wconf 87' lang='lat'>‚</span> <span class='ocrx_word' id='word_1_141' title='bbox 1371 3093 1948 3165; x_wconf 82' lang='lat' dir='ltr'><strong>vnumquemque</strong></span> <span class='ocrx_word' id='word_1_142' title='bbox 1987 3091 2150 3138; x_wconf 84' lang='lat' dir='ltr'><strong>cum</strong></span> <span class='ocrx_word' id='word_1_143' title='bbox 2189 3089 2276 3136; x_wconf 92' lang='lat' dir='ltr'><strong>eo</strong></span> 
     </span>
     <span class='ocr_line' id='line_1_21' title="bbox 310 3198 2274 3302; baseline -0.004 -23"><span class='ocrx_word' id='word_1_144' title='bbox 310 3201 768 3294; x_wconf 78' lang='lat' dir='ltr'><strong>conferendO,</strong></span> <span class='ocrx_word' id='word_1_145' title='bbox 832 3202 958 3302; x_wconf 75' lang='lat' dir='ltr'><strong>qui</strong></span> <span class='ocrx_word' id='word_1_146' title='bbox 1000 3200 1211 3274; x_wconf 87' lang='lat' dir='ltr'><strong>nohis</strong></span> <span class='ocrx_word' id='word_1_147' title='bbox 1252 3200 1650 3274; x_wconf 83' lang='lat' dir='ltr'><strong>notissimus</strong></span> <span class='ocrx_word' id='word_1_148' title='bbox 1699 3221 1828 3274; x_wconf 82' lang='lat' dir='ltr'><strong>est:</strong></span> <span class='ocrx_word' id='word_1_149' title='bbox 1881 3200 1976 3272; x_wconf 88' lang='lat' dir='ltr'><strong>ita</strong></span> <span class='ocrx_word' id='word_1_150' title='bbox 2018 3198 2160 3273; x_wconf 86' lang='lat' dir='ltr'><strong>hoc</strong></span> <span class='ocrx_word' id='word_1_151' title='bbox 2195 3199 2274 3271; x_wconf 85' lang='lat' dir='ltr'><strong>in</strong></span> 
     </span>
     <span class='ocr_line' id='line_1_22' title="bbox 305 3331 2274 3442; baseline -0.001 -34"><span class='ocrx_word' id='word_1_152' title='bbox 305 3335 465 3409; x_wconf 83' lang='lat' dir='ltr'><strong>aliis</strong></span> <span class='ocrx_word' id='word_1_153' title='bbox 496 3360 787 3434; x_wconf 86' lang='lat' dir='ltr'><strong>quoque</strong></span> <span class='ocrx_word' id='word_1_154' title='bbox 814 3331 1155 3432; x_wconf 80' lang='lat' dir='ltr'><strong>agendum</strong></span> <span class='ocrx_word' id='word_1_155' title='bbox 1192 3353 1311 3406; x_wconf 82' lang='lat' dir='ltr'><strong>est.</strong></span> <span class='ocrx_word' id='word_1_156' title='bbox 1394 3331 1624 3442; x_wconf 54' lang='lat' dir='ltr'><strong>Atqui</strong></span> <span class='ocrx_word' id='word_1_157' title='bbox 1654 3332 1872 3408; x_wconf 88' lang='lat' dir='ltr'><strong>homo</strong></span> <span class='ocrx_word' id='word_1_158' title='bbox 1901 3333 2081 3410; x_wconf 90' lang='lat' dir='ltr'><strong>inter</strong></span> <span class='ocrx_word' id='word_1_159' title='bbox 2109 3361 2274 3408; x_wconf 90' lang='lat' dir='ltr'><strong>om-</strong></span> 
     </span>
     <span class='ocr_line' id='line_1_23' title="bbox 304 3465 2276 3546; baseline -0.004 0"><span class='ocrx_word' id='word_1_160' title='bbox 304 3471 421 3546; x_wconf 85' lang='lat' dir='ltr'><strong>nia</strong></span> <span class='ocrx_word' id='word_1_161' title='bbox 460 3467 791 3546; x_wconf 85' lang='lat' dir='ltr'><strong>animalia</strong></span> <span class='ocrx_word' id='word_1_162' title='bbox 834 3469 1039 3542; x_wconf 89' lang='lat' dir='ltr'><strong>nobis</strong></span> <span class='ocrx_word' id='word_1_163' title='bbox 1089 3466 1490 3541; x_wconf 85' lang='lat' dir='ltr'><strong>notissimus</strong></span> <span class='ocrx_word' id='word_1_164' title='bbox 1531 3488 1634 3542; x_wconf 89' lang='lat' dir='ltr'><strong>est</strong></span> <span class='ocrx_word' id='word_1_165' title='bbox 1662 3470 2062 3544; x_wconf 85' lang='lat' dir='ltr'><strong>necessario.</strong></span> <span class='ocrx_word' id='word_1_166' title='bbox 2160 3465 2276 3540; x_wconf 84' lang='lat' dir='ltr'><strong>Ac</strong></span> 
     </span>
     <span class='ocr_line' id='line_1_24' title="bbox 306 3600 2278 3704; baseline -0.003 -26"><span class='ocrx_word' id='word_1_167' title='bbox 306 3603 573 3680; x_wconf 77' lang='lat' dir='ltr'><strong>tametsi</strong></span> <span class='ocrx_word' id='word_1_168' title='bbox 620 3603 851 3698; x_wconf 84' lang='lat' dir='ltr'><strong>sensui</strong></span> <span class='ocrx_word' id='word_1_169' title='bbox 894 3601 1033 3700; x_wconf 87' lang='lat' dir='ltr'><strong>ipsi</strong></span> <span class='ocrx_word' id='word_1_170' title='bbox 1080 3600 1482 3674; x_wconf 84' lang='lat' dir='ltr'><strong>manifestae</strong></span> <span class='ocrx_word' id='word_1_171' title='bbox 1509 3625 1674 3676; x_wconf 85' lang='lat' dir='ltr'><strong>sunt</strong></span> <span class='ocrx_word' id='word_1_172' title='bbox 1704 3625 1932 3704; x_wconf 82' lang='lat' dir='ltr'><strong>partes</strong></span> <span class='ocrx_word' id='word_1_173' title='bbox 1975 3603 2278 3689; x_wconf 50' lang='lat' dir='ltr'><strong>nostraess</strong></span> 
     </span>
     <span class='ocr_line' id='line_1_25' title="bbox 312 3732 2274 3836; baseline -0.004 -25"><span class='ocrx_word' id='word_1_174' title='bbox 312 3759 541 3811; x_wconf 87' lang='lat' dir='ltr'><strong>tamen</strong></span> <span class='ocrx_word' id='word_1_175' title='bbox 586 3765 675 3815; x_wconf 87' lang='lat' dir='ltr'><strong>ne</strong></span> <span class='ocrx_word' id='word_1_176' title='bbox 723 3733 903 3836; x_wconf 83' lang='lat' dir='ltr'><strong>quid</strong></span> <span class='ocrx_word' id='word_1_177' title='bbox 948 3732 1221 3810; x_wconf 77' lang='lat' dir='ltr'><strong>ordinis</strong></span> <span class='ocrx_word' id='word_1_178' title='bbox 1264 3735 1844 3832; x_wconf 59' lang='lat' dir='ltr'><strong>praetermittamr</strong></span> <span class='ocrx_word' id='word_1_179' title='bbox 1859 3792 1881 3833; x_wconf 87' lang='lat'>‚</span> <span class='ocrx_word' id='word_1_180' title='bbox 1947 3741 2068 3831; x_wconf 85' lang='lat' dir='ltr'><strong>(et</strong></span> <span class='ocrx_word' id='word_1_181' title='bbox 2111 3757 2274 3805; x_wconf 85' lang='lat' dir='ltr'><strong>sane</strong></span> 
     </span>
     <span class='ocr_line' id='line_1_26' title="bbox 312 3863 2274 3974; baseline -0.004 -30"><span class='ocrx_word' id='word_1_182' title='bbox 312 3870 651 3944; x_wconf 85' lang='lat' dir='ltr'><strong>rationem</strong></span> <span class='ocrx_word' id='word_1_183' title='bbox 676 3899 843 3946; x_wconf 86' lang='lat' dir='ltr'><strong>cum</strong></span> <span class='ocrx_word' id='word_1_184' title='bbox 886 3896 1095 3946; x_wconf 87' lang='lat' dir='ltr'><strong>sensu</strong></span> <span class='ocrx_word' id='word_1_185' title='bbox 1136 3869 1582 3946; x_wconf 83' lang='lat' dir='ltr'><strong>coniunctam</strong></span> <span class='ocrx_word' id='word_1_186' title='bbox 1626 3886 1791 3944; x_wconf 81' lang='lat' dir='ltr'><strong>esse·</strong></span> <span class='ocrx_word' id='word_1_187' title='bbox 1816 3895 1944 3969; x_wconf 83' lang='lat' dir='ltr'><strong>par</strong></span> <span class='ocrx_word' id='word_1_188' title='bbox 1969 3864 2157 3959; x_wconf 83' lang='lat' dir='ltr'><strong>est3)</strong></span> <span class='ocrx_word' id='word_1_189' title='bbox 2184 3863 2274 3974; x_wconf 75' lang='lat' dir='ltr'><strong>de</strong></span> 
     </span>
     <span class='ocr_line' id='line_1_27' title="bbox 310 3997 2273 4106; baseline -0.001 -29"><span class='ocrx_word' id='word_1_190' title='bbox 310 4001 429 4080; x_wconf 86' lang='lat' dir='ltr'><strong>his</strong></span> <span class='ocrx_word' id='word_1_191' title='bbox 458 4031 743 4106; x_wconf 81' lang='lat' dir='ltr'><strong>quoque</strong></span> <span class='ocrx_word' id='word_1_192' title='bbox 772 4005 1105 4083; x_wconf 76' lang='lat' dir='ltr'><strong>dicemus,</strong></span> <span class='ocrx_word' id='word_1_193' title='bbox 1218 4000 1329 4076; x_wconf 81' lang='lat' dir='ltr'><strong>Ac</strong></span> <span class='ocrx_word' id='word_1_194' title='bbox 1362 4003 1676 4103; x_wconf 84' lang='lat' dir='ltr'><strong>primum</strong></span> <span class='ocrx_word' id='word_1_195' title='bbox 1703 4001 1992 4100; x_wconf 73' lang='lat' dir='ltr'><strong>quidem</strong></span> <span class='ocrx_word' id='word_1_196' title='bbox 2021 3997 2115 4076; x_wconf 88' lang='lat' dir='ltr'><strong>de</strong></span> <span class='ocrx_word' id='word_1_197' title='bbox 2143 4025 2273 4092; x_wconf 62' lang='lat' dir='ltr'><strong>or·-⁴</strong></span> 
     </span>
    </p>
   </div>
  </div>
 </body>
</html>
